2520 4211
962 354 1233 446 (117)

301 498 504 577 Imago
533 504 617 556 est
639 493 970 576 aurigarum
995 495 1071 568 in
1085 517 1264 578 equos
1290 493 1759 570 incurva-torum,
1786 513 1999 578 eosque

220 593 294 653 ad
317 614 553 654 cursum
579 592 908 654 verberibus
937 594 1334 654 incitantium.

358 725 540 778 Iliacos
558 725 751 775 iterum
774 725 983 777 demens
1002 725 1178 776 audire
1198 726 1394 776 labores

359 808 631 876 Exposuit,
650 808 1155 880 pendetque'iteium
1182 809 1440 859 narrantis
1461 811 1524 859 ab
1545 825 1650 859 ore.
1787 809 1819 875 4
1843 805 1929 859 AE.

305 932 455 992 Mire
488 929 731 993 exhibet
759 931 1140 1002 attentionem
1171 932 1288 1012 quii
1314 933 1474 1018 Did⁰1
1494 931 1691 993 AEneae
1713 931 2000 991 narratio-

225 1049 365 1091 nem
404 1029 585 1088 audit.
1597 1085 1606 1098 f

305 1127 395 1187 De
414 1126 598 1186 Remo
622 1136 680 1186 et
703 1125 958 1186 Romulo
979 1124 1156 1186 ubera
1176 1126 1422 1186 nutricis
1443 1125 1598 1203 lupae
1623 1124 1961 1206 sugentibus
1985 1149 1999 1183 :

141 1323 155 1334 ἱ
232 1286 790 1309 ................
827 1257 1077 1309 Geminos
1100 1257 1224 1309 huic
1243 1260 1400 1307 ubera
1424 1257 1620 1307 circum

364 1342 565 1393 Ludere
582 1342 875 1411 pendentes
900 1360 1104 1410 pueros,
1125 1351 1177 1394 et
1197 1344 1425 1393 lambere
1445 1339 1661 1392 matrem

362 1429 661 1499 Impavidoe.
1016 1499 1021 1508 .
1343 1430 1376 1479 8
1415 1428 1502 1481 AE.

309 1548 562 1610 Adverte
593 1531 770 1610 etiam
801 1544 1147 1626 Epithetum
1191 1549 1548 1628 impavido-9,
1582 1546 1739 1630 quod
1775 1546 1841 1605 in
1880 1544 2000 1605 fine

224 1648 523 1709 sententiae
552 1646 931 1722 collocatum,
958 1668 1085 1707 eam
1116 1646 1360 1708 mirifice
1383 1647 1654 1708 illustrat.
1713 1665 1718 1670 ·

360 1783 562 1836 Interea
582 1785 754 1836 dulces
771 1785 1005 1855 pendent
1023 1786 1219 1836 circum
1240 1786 1412 1836 oscula
1429 1785 1554 1836 nati.
1645 1795 1648 1798 ’
1764 1802 1793 1835 2
1826 1783 1896 1835 G.

361 1863 456 1919 1115
479 1869 569 1921 ubi
589 1868 859 1937 complexu
882 1867 1060 1919 AEneae
1074 1869 1346 1934 ,colloque
1366 1868 1636 1937 pependit.
1773 1888 1791 1919 ι
1832 1867 1919 1920 AE.

307 1997 397 2055 Ita
422 1996 702 2077 Virgilius
735 1997 807 2057 de
840 1995 1030 2078 pueris
1056 2016 1088 2055 e
1114 1995 1269 2065 eollo
1303 1997 1580 2076 parentis,
1617 2016 1794 2078 quem
1827 2016 2000 2057 oscu-

228 2092 449 2171 tantur,
479 2094 786 2179 suspensis.

306 2192 405 2253 Ex
445 2193 616 2254 dictis
652 2193 825 2254 facile
854 2148 1227 2274 judicabitur,
1255 2191 1402 2275 quid
1429 2192 1500 2254 de
1535 2192 1773 2274 reliquis
1795 2193 1999 2273 poeta-

226 2312 359 2357 mm
395 2290 664 2369 vocibus,
695 2291 909 2373 quibus
942 2292 1090 2393 inest
1122 2291 1442 2372 praecipuus
1473 2289 1771 2371 elegantia
1807 2287 1996 2371 lepos,

226 2388 598 2449 sentiendum
621 2388 715 2450 sit.
794 2418 799 2422 ·

833 2537 1198 2651 CAPUT
1256 2537 1396 2609 VI.

402 2740 528 2811 De
576 2741 905 2838 eleganti
953 2738 1472 2836 Epithetorum
1516 2736 1823 2845 delectu.

311 2946 684 3025 Epithetum,
698 2966 731 3004 a
760 2945 932 3005 verbo
958 2957 1230 3028 ἐπιτίθημι,
1252 2964 1505 3026 appono,
1529 2951 1614 3002 est
1632 2939 2000 3021 Adjeetivum

227 3044 608 3106 Substantivo
640 3044 871 3105 nomini
905 3044 1263 3126 apszstum,
1293 3042 1364 3102 ad
1403 3039 1529 3120 ejus
1556 3044 1825 3099 naturam
1857 3060 1999 3120 pro·

230 3143 363 3220 pius
388 3141 797 3224 explicandam
820 3142 1236 3223 sententiaeque
1257 3141 1377 3200 vim
1399 3136 1743 3219 aagendam.

312 3239 403 3298 Ea
441 3251 555 3315 est,
600 3239 792 3320 judice
828 3237 1045 3314 Fabio,
1085 3238 1233 3298 ratio
1268 3237 1450 3318 hujus
1488 3233 1892 3319 appositionis,
1935 3241 2002 3291 ut

230 3357 358 3398 non
383 3337 570 3398 solum
589 3337 806 3415 Posssis,
824 3337 918 3399 sed
942 3337 1065 3418 ipsa
1085 3337 1269 3395 oratio
1291 3335 1475 3396 nullis
1497 3334 1767 3395 adstricta
1788 3351 2000 3393 nume-

231 3435 308 3495 ris
319 3478 338 3508 ‚
379 3436 504 3498 sine
532 3434 599 3496 efi
634 3434 983 3518 languescat.
1018 3435 1131 3508 At,
1163 3441 1694 3516 quantumcunque
1727 3427 2003 3513 Epitheta
