2520 4211
1002 324 1033 413 (
1081 324 1207 411 159
1253 321 1281 411 )

261 488 295 532 ι)
339 466 639 528 hausimus
667 486 792 526 non
818 465 1112 547 patiamur
1132 463 1359 544 integra
1380 484 1531 538 esse,
1561 483 1640 524 ne
1667 467 1850 523 alisna
1886 467 2026 531 sint,

261 586 294 620 n
337 562 435 624 sed
477 582 912 645 concoquamus
946 561 1079 639 illa3
1124 560 1505 624 assentiamur
1524 559 1652 645 villis
1690 559 1934 620 fideliter
1974 572 2030 620 st

259 684 295 718 »
338 652 536 721 nostra
567 658 879 735 faciamus,
910 669 981 719 ut
1015 679 1206 720 unum
1240 657 1521 742 quiddam
1557 654 1663 717 fiat
1690 683 1762 716 ex
1798 660 2026 728 multis,

261 781 295 817 n
335 758 486 819 sicut
511 779 666 819 unus
686 778 964 819 numerus
986 755 1058 816 fit
1077 778 1154 817 ex
1173 755 1435 838 singulis.
1456 755 1585 815 Hoc
1606 749 1778 816 faciat
1802 760 2026 816 unimus

260 879 294 913 1>
337 865 533 917 noster
553 879 568 915 ε
589 855 786 915 omnia
802 900 818 930 ,
841 854 1055 939 quibus
1077 865 1160 916 est
1181 853 1413 934 adjutus
1429 895 1446 927 ,
1469 852 1810 928 abscondat,
1842 856 2026 932 ipsum

261 974 294 1008 u
335 961 571 1012 tantum
586 952 860 1040 ostendat
880 950 1041 1037 quod
1063 950 1280 1014 effecit.
1311 975 1340 1007 ιι

335 1050 532 1112 1100oe
571 1050 747 1125 modo
785 1049 1068 1131 Virgilius
1111 1050 1373 1110 imitatus
1415 1058 1501 1110 est
1538 1046 1914 1111 Theocritum
1966 1052 2026 1108 in

254 1144 570 1223 Bucolicis,
586 1146 906 1208 Hesiodum
922 1146 989 1206 in
1001 1144 1326 1227 Georgicis,
1346 1148 1665 1208 Homerum
1682 1147 1748 1205 in
1764 1140 2031 1206 AEne‘ide.

206 1309 211 1313 ,
253 1242 453 1319 Hujus
473 1245 751 1327 poematis
773 1244 993 1320 ideam,
1017 1229 1494 1325 descriptionem,
1516 1254 1575 1304 et
1597 1241 2028 1326 dispositionem

255 1341 469 1421 partim
502 1342 578 1401 ad
607 1341 914 1424 Odysseae,
951 1340 1164 1423 partim
1199 1340 1273 1400 ad
1308 1336 1505 1427 Iliadis
1539 1341 1880 1424 exemplum
1918 1362 2029 1400 ex-

253 1457 469 1519 pressas
497 1458 612 1501 esse
637 1440 834 1523 negari
868 1439 1079 1523 nequit
1103 1462 1117 1499 t
1148 1438 1438 1521 permulta
1458 1438 1609 1523 quin
1632 1438 1806 1500 etiam
1829 1436 2030 1500 verbo·

252 1554 391 1596 rum
427 1537 964 1618 sententiarumque
1001 1536 1293 1599 schemata
1334 1557 1414 1598 ex
1453 1538 1709 1602 Homero
1752 1536 2029 1598 translata

255 1624 452 1695 cernes
479 1657 494 1691 ε
523 1653 647 1694 non
674 1632 847 1694 facile
872 1633 1062 1709 enim,
1089 1636 1174 1695 ait
1191 1636 1500 1717 Heynius,
1525 1651 1856 1717 assequare,
1874 1654 2028 1716 quo-

253 1730 430 1791 modo
468 1733 639 1809 po'e'ta
679 1732 1017 1793 Graecorum
1062 1731 1317 1794 lectione
1358 1732 1666 1794 subactum
1710 1731 1930 1793 habens
1970 1742 2026 1791 et

128 1815 145 1826 ⁵
199 1865 204 1869 ·
251 1837 526 1889 ornatum
551 1827 886 1911 ingenium,
914 1850 1050 1889 cum
1070 1827 1152 1889 ad
1172 1850 1331 1910 opus
1356 1850 1529 1889 suum
1554 1850 1611 1890 se
1636 1838 2023 1901 converteret,

245 1924 336 1984 *ita
367 1925 568 1985 animo
604 1925 922 2006 expelleret
955 1924 1155 1986 omnia
1186 1945 1320 2007 quae
1356 1920 1607 2006 legerat,
1647 1936 1716 1985 ut
1752 1922 1909 1985 nihil
1947 1946 2027 1985 ex

243 2020 492 2104 pristina
523 2021 774 2083 lectione
809 2023 876 2083 in
913 2023 1093 2101 ipsius
1126 2022 1354 2105 scriptis
1392 2033 1736 2092 occurreret.
1761 2019 2026 2084 Maxima

247 2126 447 2177 autem
474 2138 709 2194 eorum,
738 2139 870 2200 quae
901 2121 1225 2182 imitatione
1247 2120 1552 2204 expressit,
1578 2141 1714 2204 (pars
1740 2107 2023 2202 ejusmodi

247 2223 362 2290 est,
407 2225 475 2275 ut
517 2234 645 2275 non
685 2225 839 2292 tam,
872 2217 1008 2295 data
1042 2220 1253 2303 opera„
1290 2218 1527 2289 Homeri
1563 2218 1737 2280 verba
1773 2230 1831 2281 et
1869 2218 2023 2281 ideas

247 2311 484 2373 reddere
505 2311 781 2389 voluisse,
807 2334 989 2394 quam
1011 2316 1075 2376 in
1097 2339 1162 2378 ea
1184 2318 1452 2380 incidisse
1472 2317 1750 2395 videatur,
1782 2317 1903 2399 ipsa
1931 2339 1989 2378 re
2000 2362 2019 2393 ,

247 2428 380 2491 quae
412 2408 556 2468 olim
592 2409 660 2470 in
695 2409 871 2470 simili
909 2426 1253 2492 argumento
1291 2416 1535 2500 legerat,
1574 2417 1641 2478 in
1680 2416 2019 2478 memoriam

186 2564 189 2567 .
244 2518 572 2569 revocante.
611 2508 759 2587 Quae
790 2510 1061 2570 imitandi
1091 2514 1236 2573 ratio
1272 2514 1535 2576 multum
1566 2513 1764 2578 differt
1798 2514 1873 2575 ab
1911 2513 2014 2575 illa

243 2602 469 2676 servili,
492 2625 673 2686 quam
707 2626 879 2688 supra
915 2609 1379 2693 perstrinximus.
1410 2611 1499 2692 Ut
1532 2611 1787 2693 alumnis
1816 2615 2017 2674 Musa·

243 2719 380 2759 rum
424 2711 647 2760 rectum
689 2702 959 2763 imitandi
1011 2706 1256 2766 modum
1301 2706 1575 2787 exemplo
1615 2711 1874 2790 quodam
1910 2711 2016 2772 de·-

243 2807 660 2873 monstremus,
685 2797 1072 2862 indicabimus
1093 2802 1324 2877 fontes,
1338 2803 1498 2864 wude
1519 2804 1803 2887 Virgilius
1822 2807 2015 2871 hausit

239 2894 566 2969 nonnullas
589 2896 741 2958 ideas
759 2907 819 2959 et
843 2918 1033 2974 voces,
1055 2899 1274 2984 quibus
1294 2902 1630 2981 exornavit»,
1652 2903 1762 2965 lib.-
1791 2925 1844 2968 1.
1872 2905 2011 2969 AEn.

238 2992 687 3077 descriptionem
707 2997 1083 3078 tempestatis,
1099 2999 1219 3083 qua
1233 2997 1431 3061 classis
1450 2997 1649 3061 AEneae
1666 3001 1732 3062 in
1750 3002 2012 3068 Africam

239 3089 479 3172 depulsa
503 3103 610 3155 est.
1531 3131 1537 3135 ·

440 3319 868 3379 Talia'flammato
884 3343 1057 3381 secum
1078 3327 1188 3382 Dea
1206 3308 1383 3398 (suso)
1400 3328 1550 3383 ouras
1565 3329 1824 3398 volutam,

375 3407 684 3462 Nimborum
703 3412 766 3464 in
793 3414 1007 3482 patriam
1022 3451 1040 3480 ,
1058 3414 1168 3471 loos
1188 3413 1311 3467 festu
1325 3413 1626 3480 furantibus
1644 3417 1830 3470 amm
1934 3431 1938 3434 ·
