2520 4211
997 281 1190 369 (ιοι
1243 241 1290 368 )’

247 428 316 487 in
342 422 575 485 laudem
602 422 819 483 Nicetae
828 466 848 498 ,
872 431 932 481 at
953 421 1000 482 si
1020 420 1277 484 observes
1300 423 1533 486 Aureum
1557 422 1730 483 etiam
1754 444 1869 485 esse
1891 445 2027 507 par-

231 525 523 609 'ticipium
548 521 709 584 verbi
732 533 975 604 ἀπόλλυμι
989 572 1006 599 ,
1029 523 1292 608 destruo,
1314 522 1491 603 plane
1510 524 1761 583 contrari
1769 545 1867 584 um
1892 546 2030 585 sen—

255 644 385 685 sum
413 643 596 683 erueS.

333 719 599 781 Nobilior
619 728 703 779 est
725 716 954 778 Allusio
976 738 1106 799 quae
1123 727 1380 779 versatur
1403 719 1553 780 circa
1577 719 1733 780 facta
1753 739 2040 786 moresve„

255 823 345 879 Ita
376 817 533 900 apud
561 814 736 875 Ovidi
784 836 843 874 m
873 815 1116 898 Ulysses
1140 815 1456 897 exprobrat
1482 817 1649 897 Ajaci
1683 818 1844 900 quod
1876 818 2030 879 inter

253 917 497 998 majores
530 935 660 977 suos
691 837 962 976 hilmerit
985 937 1150 977 reum
1175 916 1477 977 fratricidii
1509 929 1568 979 et
1602 916 1773 978 obid
1807 920 2029 980 crimen

258 1014 443 1099 patria
466 1012 701 1075 exulem
730 1038 744 1072 :

320 1146 419 1199 Ast
441 1146 575 1198 mihi
592 1145 787 1215 (inquit
803 1143 1024 1212 Ulysses)
1047 1120 1253 1197 Laertes
1273 1154 1415 1212 pater
1435 1154 1540 1222 est,
1558 1145 1802 1198 Arcesius
1826 1148 1928 1214 illi,

327 1232 530 1301 Jupiter
547 1231 701 1300 Βαίας
719 1247 889 1297 neque
908 1230 964 1281 in
988 1230 1070 1281 his
1088 1230 1362 1297 quisqham
1384 1232 1654 1283 damnatus
1675 1241 1727 1283 et
1745 1233 1890 1284 exul.

336 1362 554 1423 Similis
594 1372 677 1423 est
718 1361 948 1423 Allusio
985 1361 1051 1421 in
1091 1359 1185 1421 his
1222 1360 1410 1422 verbis
1454 1359 1704 1423 Achillis
1747 1362 1828 1422 ad.
1862 1363 2025 1446 Aga-

253 1482 630 1539 memnonem
670 1485 685 1519 ι

390 1592 580 1645 Jamais
604 1592 868 1643 vaisseaux
890 1592 1046 1661 partis
1073 1594 1157 1657 des
1184 1594 1321 1645 rives
1342 1594 1409 1644 du
1432 1559 1741 1646 Scamand're

389 1677 522 1731 Aux
541 1677 748 1745 champs
771 1677 1067 1728 thessalicus
1083 1678 1375 1730 onerent-ils
1397 1676 1706 1731 descendre?
1733 1667 1744 1674 ”

392 1761 460 1815 Et
479 1762 655 1829 jamais
673 1763 797 1812 dans
816 1761 1012 1813 Larisae
1035 1779 1109 1813 un
1134 1763 1284 1816 lache
1303 1763 1560 1814 ravisseur

393 1848 479 1901 Me
501 1848 677 1898 viat-il
699 1847 910 1898 enlever
928 1863 995 1897 ou
1020 1864 1105 1897 ma
1124 1846 1319 1897 femme
1334 1864 1402 1896 ou
1425 1864 1505 1897 ma
1526 1864 1681 1900 soeur.
1753 1847 1889 1901 ΒΑΘ.
1913 1848 2027 1916 Iph.

341 1977 482 2038 Haec
504 1997 675 2061 porro
701 1975 1031 2037 acciderant
1060 1977 1527 2057 Agamemnoni,
1552 1998 1691 2038 cum
1717 1977 1880 2040 Paris
1907 1982 2030 2040 He·
2131 2043 2138 2048 ,

257 2077 456 2138 lenam
471 2122 489 2152 ,
515 2074 769 2137 Menelai
794 2074 1108 2157 conjugem
1123 2121 1141 2151 ,
1171 2074 1377 2157 Sparta
1398 2096 1594 2137 secum
1616 2075 1833 2138 avexit.
1857 2075 2033 2136 Allu-

259 2175 483 2236 sionem
505 2173 662 2235 hanc
682 2173 1085 2235 adumbratam
1106 2174 1365 2236 invenies
1385 2172 1492 2234 lib.
1515 2195 1568 2250 1,
1591 2173 1668 2236 ΙΙ.
1683 2194 1739 2234 v.
1763 2172 2029 2253 154-156.

261 2269 465 2333 Prima
485 2271 589 2332 dos
608 2271 910 2334 aUusionis
936 2282 1049 2349 est,
1075 2283 1143 2332 ut
1161 2271 1350 2335 facilis
1369 2274 1442 2335 sit
1462 2272 1786 2337 intellectu.

791 2422 833 2506 §
874 2425 932 2484 3.
973 2426 1072 2486 De
1113 2429 1510 2508 Metonymid.

343 2575 712 2654 Metonymia
722 2616 746 2645 ,
779 2593 815 2632 a
852 2582 982 2654 μετὰ
1015 2585 1073 2635 et
1108 2587 1293 2657 ὄνομα,
1327 2578 1575 2637 mutatio
1608 2577 1701 2639 Vel
1735 2577 2034 2650 translatio

259 2671 549 2747 nominis,
590 2673 637 2731 si
687 2671 1106 2753 etymologiam
1148 2683 1401 2749 spectas,
1440 2694 1641 2733 omnes
1680 2673 2032 2754 tropicarum

260 2767 631 2828 locutionum
672 2768 886 2830 formas
926 2767 1370 2850 complectitur,
1416 2769 1647 2829 arctiori
1690 2790 1826 2830 vero
1858 2793 2034 2832 sensu

262 2864 543 2927 definitur
582 2866 837 2948 Tropus,
879 2887 1027 2948 quo,
1073 2877 1306 2948 propter
1347 2865 1688 2927 relationem
1730 2879 2036 2932 externam

260 2963 514 3023 duarum
543 2986 764 3038 rerum,
797 2963 1147 3024 vocabulum
1178 2985 1213 3024 a
1247 2963 1673 3046 significatione
1701 2968 1931 3046 propria
1959 2968 2034 3028 ad

259 3062 639 3144 impropriam
686 3062 1045 3123 transfertur.
1088 3061 1317 3123 Relatio
1360 3074 1601 3124 externa
1633 3067 1726 3127 'est
1767 3086 1860 3142 ea,
1904 3087 2035 3150 quae

261 3158 503 3243 quidem
535 3160 676 3222 duas
711 3183 798 3222 res
828 3160 980 3221 inter
1013 3181 1071 3221 se
1102 3159 1414 3243 conjungit
1432 3171 1539 3238 ‚at
1570 3163 1810 3237 nonita
1838 3183 2036 3229 necesf

259 3257 410 3318 sario
428 3302 447 3333 ‚
473 3268 539 3334 ut
566 3279 685 3319 una
708 3271 963 3341 separata
986 3259 1059 3319 ab
1081 3258 1259 3320 altera
1289 3272 1543 3344 nequeat
1564 3259 1824 3342 cogitari.
1861 3264 2032 3320 Pur-

251 3377 418 3435 pura
460 3377 516 3421 v.
565 3377 620 3438 g.
669 3379 770 3439 per
820 3359 1251 3441 Metonymiam
1297 3361 1576 3443 exprimit
1624 3380 1769 3443 saepe
1818 3360 2030 3441 regiam

1708 3483 1835 3556 ⁴9·
