2520 4211
975 307 1245 397 (147)

361 446 581 498 Utilium
603 447 777 510 tardus
801 446 1044 513 provisor,
1062 446 1297 514 prodigus
1316 446 1455 510 aeris,

360 530 640 597 Sublimis,
665 531 980 600 cupidusque
1003 539 1054 583 et
1075 540 1236 582 amata
1260 532 1553 598 relinquere
1576 530 1776 601 pernix.

429 615 701 667 Conversis
720 601 923 681 studiis,
951 624 1067 667 setas
1090 616 1396 683 animusque
1420 615 1588 668 virilis

361 698 564 766 Quaerit
580 717 697 768 opes
717 708 769 750 et
789 698 1066 763 amicitias,
1089 699 1307 750 inservit
1329 700 1540 764 honori,

361 782 685 836 Commisisse
705 792 849 835 cavet
864 784 1000 850 quod
1023 770 1147 834 moli
1169 784 1604 842 mutarelaboret.

331 927 335 936 ¹
431 868 595 921 Multa
621 855 792 920 senem
814 866 1229 918 circumveniunt
1248 867 1591 930 incommoda,
1620 866 1705 918 vel
1727 866 1865 935 quod
1939 867 1950 873 ”

362 954 564 1024 Quaerit
579 993 594 1020 ,
613 963 665 1011 et
684 953 909 1005 inventis
923 954 1082 1003 'miser
1103 943 1343 1017 abstinet,
1370 970 1428 1003 ac
1446 953 1598 1026 timet
1622 954 1698 1004 uti
1714 990 1731 1019 ,

362 1037 462 1091 Vel
482 1037 630 1110 quod*
640 1054 719 1087 res
737 1053 912 1087 omnes
934 1033 1115 1086 timide
1133 1036 1397 1103 gelideque
1419 1033 1701 1100 ministrat,
1809 1043 1813 1048 “

363 1119 582 1185 Dilator,
607 1137 692 1189 spe
712 1121 911 1189 longus,
935 1121 1100 1187 iners,
1119 1120 1401 1187 avidusque
1422 1120 1616 1185 futuri,

362 1204 626 1272 Difficilis,
653 1206 930 1272 querulus,
957 1204 1441 1273 laudator-,temporis
1460 1204 1558 1255 acti

364 1288 434 1342 Se
451 1307 635 1359 puero,
662 1292 855 1357 censor,
881 1277 1242 1357 castigatorque
1268 1290 1553 1374 minorum.
1706 1287 1852 1354 ΗΘΒ.
1885 1285 1890 1289 ’

308 1425 510 1487 Pictor
525 1426 1014 1490 luculentissimus
1034 1426 1207 1488 simul
1237 1436 1296 1487 et
1321 1424 1713 1507 sagacissimus
1729 1430 1959 1484 morum
1975 1470 1993 1497 ,
2060 1427 2066 1433 '

227 1522 438 1606 procul
454 1523 594 1585 dubi
601 1544 656 1598 0,
681 1524 916 1585 Tacitus
935 1534 1018 1586 est
1030 1569 1045 1599 ‚
1070 1546 1102 1585 e
1119 1523 1214 1604 cuj
1220 1546 1286 1585 us
1302 1523 1525 1606 scriptis
1548 1517 1994 1605 praestantissimi

122 1635 131 1643 “
226 1622 411 1703 Ροὲῖω
424 1665 444 1697 ,
470 1630 540 1681 ut
562 1620 839 1682 Racinius
860 1631 916 1683 et
942 1621 1315 1698 Corneillius,
1350 1621 1600 1703 egregias
1625 1620 1959 1704 Ethopoeias
1976 1666 1993 1695 ‚

228 1716 308 1777 ad
326 1717 583 1780 carmina
607 1738 706 1779 sua
729 1717 1067 1779 exornanda
1082 1762 1100 1794 ,
1114 1716 1457 1779 hauserunt.

312 1815 383 1875 5⁰
413 1817 968 1898 Pmsopograplzia,
992 1836 1026 1875 a
1043 1824 1504 1898 πρόσωπον-γράφω
1513 1818 1770 1897 ..faciem
1777 1819 1993 1896 pinge,
2051 1841 2072 1860 ·

214 1911 488 1980 ‘delineat
509 1913 824 1993 imaginem
853 1912 1047 1974 vultus
1070 1923 1127 1972 et
1154 1906 1410 1993 corporis
1430 1933 1804 1993 personarum
1820 1957 1838 1987 ‚
1863 1931 1995 1995 quae
2021 1931 2024 1936 ·

228 2007 337 2074 vel.
364 2008 687 2070 extiterunt
731 2008 1048 2092 aliquando
1070 2023 1105 2083 ,‘
1132 2021 1200 2069 ut
1239 2008 1564 2069 Alexandri
1581 2054 1601 2086 ‚
1641 2008 1989 2081 Annibalis,

232 2107 509 2187 Neronis5
550 2107 642 2169 vel
676 2127 808 2190 quae
850 2128 885 2167 a
929 2108 1108 2189 poetis
1147 2104 1300 2168 fictae
1342 2117 1481 2167 sunt
1496 2150 1516 2183 ‚
1560 2117 1631 2168 ut
1663 2107 1999 2182 Furiarum,

229 2205 440 2266 Mortis
454 2203 746 2280 ‚·1nvidiae
772 2215 830 2266 et
855 2203 1156 2266 similium.
1182 2206 1258 2265 In
1287 2214 1532 2287 utroque
1556 2226 1763 2287 genere
1793 2225 1853 2267 se
1883 2225 1997 2266 ex-

230 2302 468 2364 tendere
483 2302 696 2387 gaudet
710 2300 1209 2384 Prosopographia
1218 2328 1236 2381 3
1254 2324 1289 2379 a
1296 2292 1322 2364 t
1336 2302 1658 2390 cavendum
1674 2312 1758 2364 est
1774 2325 1851 2365 ne
1868 2318 1999 2364 ver-

232 2411 390 2462 setur
415 2400 565 2462 circa
587 2399 797 2460 formas
818 2400 1087 2481 indignas
1109 2401 1434 2463 imitatione
1456 2400 1680 2485 poe-‘tica
1694 2446 1712 2478 ,
1737 2401 1833 2463 sed
1856 2421 1998 2462 con·

127 2513 134 2518 ’
232 2506 323 2558 tra
342 2498 494 2560 circa
513 2519 625 2573 eas,
642 2518 772 2580 quae
787 2508 843 2556 et
857 2497 1297 2561 admirationem
1321 2510 1619 2576 moveant,
1638 2509 1696 2560 et
1717 2498 1997 2560 latentem

232 2593 417 2654 animi
459 2594 717 2655 indolem
764 2595 1035 2675 prodant.
1069 2596 1239 2656 Tales
1285 2606 1424 2662 sunt
1468 2596 1639 2679 apud,
1670 2596 1995 2656 Homerum

232 2692 639 2779 descriptiones
673 2690 957 2765 Achillis,
996 2690 1212 2772 Ajacis‚
1253 2690 1607 2772 Polyphemi
1624 2713 1642 2767 3
1673 2691 1829 2772 apud
1861 2693 1997 2750 Ma-

229 2810 437 2851 ronem
471 2792 758 2865 Hector1s‚
793 2787 1020 2864 AEneae,
1052 2788 1322 2849 Mezentii
1336 2812 1354 2863 3
1396 2788 1553 2869 apud
1578 2788 1859 2872 Qvidium
1882 2789 1998 2850 Fa-

112 2922 125 2933 ·
230 2888 377 2962 ωἰε,
424 2887 663 2947 Invidiae
700 2897 813 2948 etc.
854 2887 1135 2968 Virgilius
1164 2884 1284 2947 lib.
1321 2883 1382 2962 4.
1419 2884 1560 2945 AEn.
1600 2886 1682 2947 sic
1723 2885 1998 2969 graphice

230 2984 499 3065 depingit
540 2983 884 3060 Atlantem,
928 2996 1096 3046 vastae
1138 2983 1307 3045 molis
1349 2984 1662 3065 Gigantem
1705 3005 1739 3044 a
1780 2984 1889 3045 diis
1930 2986 1998 3046 in

162 3106 173 3131 τ
233 3093 498 3144 montem
519 3090 971 3143 transmutatum
987 3107 1020 3153 ,ε

377 3251 560 3265 ......
578 3251 599 3265 .
613 3210 826 3280 Iamque
845 3215 1025 3265 volans
1049 3216 1239 3283 apicem
1258 3217 1312 3266 et
1327 3215 1488 3266 latera
1506 3214 1662 3266 ardua
1679 3214 1845 3283 cernit

369 3298 598 3351 Atlantis
619 3299 769 3364 duri,
789 3298 976 3350 coelum
999 3299 1091 3365 qui
1113 3301 1305 3351 vertice
1323 3299 1505 3363 fulcit,

261 3431 270 3438 .
368 3381 624 3450 Atlantis,
643 3383 870 3436 cinctum
893 3383 1085 3435 assidue
1105 3383 1189 3434 cui
1208 3384 1433 3436 nubibus
1455 3382 1578 3435 atris
