2520 4211
1136 239 1507 371 .(102‘>

488 414 870 505 majestatem,
895 416 1036 506 quia
1055 442 1213 504 reges
1236 420 1496 505 purpura
1513 421 1705 482 vestiri
1728 419 1953 501 solent3
1978 431 2063 484 est
2081 421 2261 503 igitur

484 520 688 596 relatio
724 521 877 582 inter
916 531 1223 603 utramque
1262 511 1780 604 significationem;
1821 541 2023 582 verum
2063 520 2262 582 isthaec

486 617 689 678 relatio
713 628 809 678 ’est
847 638 1002 677 mere
1042 627 1311 693 externa,
1350 617 1490 700 quia
1526 627 1584 678 et
1623 636 1879 699 purpura
1918 625 1978 677 et
2007 617 2267 698 dignitas

485 716 640 796 regia
684 726 987 797 tamquam
1030 715 1106 775 ab
1155 715 1408 781 invicem
1455 713 1727 776 distincta
1773 709 2017 795 fiossunt
2062 714 2265 774 animo

485 812 739 896 concipi.
770 813 889 875 Sex
920 813 1206 897 praecipue
1231 812 1418 875 modis
1439 813 1831 876 instituuntur
1853 812 2264 895 Metonymiaz.

573 925 634 971 1⁰
676 913 839 973 Cum'
868 897 1038 973 causa
1080 934 1186 995 pro
1223 912 1460 991 effecto,
1505 911 1595 996 vel
1635 909 1910 972 effectum
1949 930 2056 987 pro
2081 912 2265 996 ¹<eausa

491 1012 757 1094 ponitur}-
786 1010 912 1073 Ex.
949 1032 1033 1093 gr.
2171 1007 2172 1010 ’

596 1165 599 1168 1
691 1136 820 1189 Tres
838 1138 960 1189 adeo
980 1138 1205 1189 incertos
1225 1137 1359 1188 coeca
1378 1127 1592 1204 caligine
1608 1132 1743 1187 soles

692 1220 957 1274 Erramus,
1306 1220 1469 1275 Vmo.

568 1333 637 1395 Id
662 1343 774 1410 est,
799 1344 913 1392 tres
939 1335 1186 1391 incertos
1209 1333 1358 1406 dies,
1387 1331 1494 1413 qui
1514 1329 1727 1391 diurna
1746 1327 2107 1390 revolutione
2127 1326 2268 1388 solis

490 1431 840 1493 efficiuntur.
863 1429 1087 1490 Eodem
1112 1429 1287 1488 modo
1306 1429 1589 1489 Martialis
1611 1439 1775 1503 voc-at
1794 1430 2022 1490 Sirenas

705 1589 854 1606 .....
883 1527 1106 1604 hilarem
1130 1552 1489 1620 navigantium
1512 1568 1745 1621 poenam,

696 1638 1034 1709 Blandasque
1054 1646 1266 1703 mortes,
1288 1637 1633 1705 gaudiumque
1656 1634 1887 1699 crudele,

494 1761 805 1842 Eleganter
839 1759 1190 1826 transferens
1219 1757 1476 1840 epitheta
1506 1756 1915 1819 convenientia
1949 1755 2085 1838 ipsis
2117 1755 2272 1816 Sire-

497 1858 700 1935 nibus,
744 1858 818 1919 ad
854 1858 1059 1919 effecta
1101 1857 1310 1919 cantfis
1356 1855 1593 1941 perfidi,
1640 1877 1761 1939 quo
1804 1855 2161 1936 navigatores
2203 1854 2268 1913 in
2320 1898 2324 1901 >

495 1969 677 2041 syrtes
701 1969 758 2020 et
781 1955 1050 2040 scopulos
1076 1956 1480 2040 pelliciebantg
1496 1956 1587 2017 Ita
1614 1976 1851 2037 quoque
1874 1953 2115 2014 Ovidius
2141 1977 2156 2011 ε

399 2054 406 2062 .
482 2116 502 2133 ·
604 2098 610 2104 “
707 2128 892 2144 ......
922 2089 1030 2144 Nec
1051 2092 1205 2144 habet
1225 2089 1404 2144 Pelion
1423 2059 1656 2142 umbras:

497 2233 604 2295 pro
614 2257 631 2289 ,
659 2200 766 2272 iaec
797 2212 977 2272 habet
1002 2213 1223 2272 Pelion
1253 2213 1508 2284 arbores,
1539 2231 1669 2294 quoe
1697 2208 1965 2270 umbram
1997 2206 2269 2268 efficiant.

497 2310 628 2368 Pari
664 2312 887 2374 ratione
904 2310 1188 2390 Virgilius
1220 2308 1451 2369 morbos
1468 2311 1790 2388 pallentes,
1821 2317 1879 2368 et
1913 2317 2272 2370 senectutem
2299 2366 2319 2390 ‚

499 2417 721 2466 tristem
746 2406 920 2481 dicit,
947 2405 1109 2486 quod
1131 2405 1324 2487 pallor
1350 2418 1410 2470 et
1442 2407 1673 2467 tristitia
1706 2416 1846 2472 sunt
1879 2405 2081 2467 effecta
2113 2426 2275 2465 mor-

500 2504 708 2565 borum
745 2515 805 2564 et
843 2504 1172 2566 senectutis,

488 2631 490 2635 >
582 2615 647 2662 2⁰
686 2602 981 2665 Possessor
1014 2623 1120 2684 pro
1159 2624 1219 2663 re
1251 2601 1499 2686 possessa
1512 2647 1531 2679 ,
1565 2621 1765 2684 praeses
1805 2601 1919 2662 loci
1962 2622 2067 2685 pro
2108 2601 2241 2662 loco
2255 2629 2298 2677 ‚-

401 2760 409 2771 ,
500 2704 772 2764 inventor
821 2723 929 2786 pro
984 2723 1045 2763 re
1098 2701 1362 2763 inventa.
1409 2701 1499 2760 Ita
1537 2699 1820 2784 Virgilius
1875 2721 1980 2782 pro
1991 2745 2009 2775 ,
2067 2699 2282 2758 ardent

386 2829 395 2837 ·
502 2802 657 2861 oedes
695 2803 890 2862 vicini
935 2802 1331 2884 Ucalegnntis,
1371 2799 1527 2885 dixit
1562 2821 1577 2859 z
1604 2804 1746 2878 jam
1766 2800 2079 2878 proximus
2105 2797 2283 2869 ‚ardet

514 2900 826 2981 Ucalegon.
850 2897 930 2958 Et
951 2899 1259 2962 Terentius
1281 2898 1355 2958 ad
1378 2898 1686 2981 prodigum
1711 2920 1725 2957 t
1752 2895 1907 2976 quid
1923 2895 2282 2975 testetur-um

501 3016 696 3055 censes
717 3018 896 3075 quem
918 2999 1160 3058 assidue
1183 2997 1464 3058 exedent?
1494 3017 1601 3080 pro
1617 3041 1635 3071 ‚
1665 3000 1837 3072 cujus
1857 3016 1995 3073 opes
2018 2993 2285 3074 qnotidie

500 3094 756 3154 exedent.
770 3100 847 3139 '—
859 3097 1129 3157 Horatius
1148 3097 1336 3157 aerem
1356 3094 1612 3178 appellat
1624 3094 1661 3154 J
1664 3114 1827 3153 ovem
1837 3137 1854 3169 ‚
1872 3091 2031 3176 quod
2050 3091 2287 3173 Jupiter

503 3191 841 3254 credebatur
861 3180 1001 3254 aeris
1026 3214 1223 3274 praeses
1247 3216 1263 3252 z

716 3349 969 3367 ........
991 3315 1165 3368 Manet
1188 3319 1285 3366 sub
1303 3318 1434 3368 Jove
1446 3313 1653 3384 frigido

708 3399 956 3464 Venator,
978 3408 1165 3452 tenerae
1185 3401 1415 3469 conjugis
1443 3400 1733 3451 immemor.
