2520 4211
983 289 1255 447 (107)

295 496 602 548 Produxisse
623 514 802 566 perum
823 506 917 554 est.
1531 502 1664 554 Juv.

298 580 374 633 At
396 582 539 650 prius
559 582 753 649 ignotos
759 581 912 653 serto
934 583 1002 652 (3)
1022 601 1177 652 quam
1196 585 1478 637 scindimus
1498 603 1658 655 agros.
1712 609 1716 613 ·
1738 586 1900 640 Vua.

304 702 523 717 .......
546 664 699 719 Volat
717 667 959 719 immissis
979 685 1119 721 cava
1135 672 1298 738 pinus
1319 670 1392 740 (4)
1409 672 1636 730 habenis.
1672 672 1815 725 VAL-
1830 671 1999 728 Fue.

290 823 354 877 (ι)
383 818 467 867 Per
481 821 713 868 carbasum
727 822 873 869 ventis
887 821 1090 870 inflatum
1107 823 1313 887 intellige
1331 826 1513 872 navium
1523 827 1643 873 vela.
1657 830 1720 885 (ο)
1733 825 1818 874 Per
1830 827 2001 874 ferrum

222 897 415 954 lethale,
439 900 656 962 gladium.
671 905 734 958 (3)
758 900 844 947 Per
860 902 1032 948 ferrum
1049 919 1139 966 quo
1155 904 1420 952 scinduntur
1437 906 1559 968 agri,
1588 917 1801 956 aratrum.
1829 911 1893 964 (4)
1915 904 2001 953 Per

222 994 381 1025 cavam
406 980 581 1043 pinum,
604 981 773 1029 navim.
797 981 924 1029 idem
941 980 1115 1044 Tropus
1141 994 1212 1030 est
1237 983 1285 1030 in
1309 984 1382 1031 his
1405 986 1555 1032 verbis
1572 985 1808 1048 scripture
1827 1000 1993 1035 sacre·

218 1056 392 1125 pulvis
412 1076 483 1114 es,
503 1072 551 1108 et
568 1060 614 1108 in
631 1062 865 1123 pulverem
883 1061 1147 1109 reverteris.

306 1208 375 1285 4⁰
401 1208 724 1291 Singularis
740 1233 1017 1274 numerus
1033 1233 1136 1294 pro
1156 1213 1391 1295 plurali,
1413 1217 1505 1276 vel
1524 1224 1744 1275 contra.
1772 1213 1890 1274 Ex.
1906 1235 1991 1296 gr.

371 1362 502 1412 Tros
528 1363 820 1431 Tyriusque
841 1362 975 1414 mihi
993 1363 1141 1414 nullo
1157 1363 1455 1417 discrimine
1474 1373 1670 1431 agetur.
1691 1351 1698 1357 ⁵
1739 1363 1904 1415 VmG.

364 1443 635 1511 Egreditur
656 1446 829 1497 castris
846 1445 1000 1499 miles
1015 1463 1298 1516 generosus
1317 1449 1379 1498 ab
1398 1448 1598 1500 iisdem.
1735 1446 1847 1500 OV.

363 1526 602 1581 Pulchra
628 1532 917 1582 verecundo
936 1532 1242 1584 suffundens
1260 1549 1355 1584 ora
1375 1534 1577 1585 rubore.
1746 1532 1833 1583 Id.

308 1666 445 1728 Huc
489 1689 726 1750 quoque
768 1669 1126 1745 referuntur,
1165 1691 1208 1728 a
1248 1690 1530 1755 numerus
1571 1668 1851 1732 definitus
1894 1691 1999 1752 pro

226 1763 539 1827 indefinito
562 1790 575 1825 :
608 1786 665 1827 v.
687 1788 746 1848 g.
766 1770 913 1846 plus
936 1769 1175 1839 millies,
1193 1767 1237 1827 i.
1258 1788 1312 1827 e.
1329 1787 1613 1850 xpersaepffi
1634 1767 1767 1828 illos
1788 1766 2001 1829 adhor-

228 1863 334 1924 tati
368 1885 594 1941 sumus;
620 1865 656 1923 h
683 1886 960 1924 numerus
992 1863 1285 1925 rotundus
1318 1886 1426 1946 pro
1458 1864 1636 1947 paulo
1663 1865 1882 1945 majore
1909 1866 2002 1928 vel

227 1961 457 2023 minore
483 1986 499 2022 ε
523 1963 604 2022 ita
631 1963 811 2024 versio
836 1962 1039 2023 veteris
1054 1961 1411 2025 Testamenti
1426 2007 1445 2038 ‚
1477 1961 1627 2022 sacta
1647 1963 1711 2022 in
1733 1961 2002 2044 linguam
2061 1999 2064 2002 -

228 2079 472 2142 graecam
514 2080 548 2120 a
587 2059 814 2123 duobus
853 2070 911 2121 et
950 2059 1314 2141 septuaginta
1354 2058 1494 2141 legis
1528 2060 1759 2141 peritis,
1790 2060 1999 2141 passim

142 2171 607 2247 *snuncupatur
629 2159 827 2220 Versio
850 2158 1214 2241 septuaginta
1239 2158 1641 2240 interpretum.

310 2258 408 2316 Ad
435 2256 863 2340 Syneedochen
893 2257 1068 2317 etiam
1099 2253 1299 2317 referri
1332 2267 1522 2340 potest
1558 2256 1998 2317 Antonomasia
2097 2298 2102 2304 -

223 2358 361 2431 (ἀντὶ
383 2366 645 2436 ὀνόματος,
668 2354 800 2416 loco
822 2354 1103 2432 nominis)
1119 2375 1224 2436 per
1243 2375 1425 2438 quam
1452 2375 1669 2416 nomen
1695 2354 1997 2438 proprium

229 2463 540 2534 usurpatur
573 2473 679 2536 pro
705 2454 1042 2530 communi,
1075 2462 1178 2515 aut
1207 2454 1663 2538 patronimieum
1683 2463 1749 2515 ‘et
1780 2440 1997 2535 gentile

146 2542 165 2557 ⁹
229 2570 334 2632 pro
355 2551 598 2611 nomine
621 2554 878 2634 proprie.
901 2549 1021 2611 Ex.
1043 2572 1135 2631 gr.

360 2699 480 2751 Sint
495 2701 843 2763 Moecenatee,
863 2716 966 2751 non
985 2700 1228 2764 deerunt,
1254 2699 1459 2766 Flacco,
1475 2703 1742 2752 Marones.

305 2837 437 2898 Hoc
476 2848 613 2898 est·
655 2838 773 2898 sint
805 2836 1179 2897 scientiarum
1209 2835 1542 2916 artiumque
1577 2834 1834 2917 patroni,
1868 2855 1995 2895 non

147 2953 151 2963 ·
225 2936 471 2997 deerunt
506 2936 688 3017 poetae
725 2934 951 3001 eximii.

361 3086 484 3135 Irus
503 3091 554 3134 et
572 3091 648 3136 est
666 3083 857 3150 subito,
877 3081 971 3150 qui
994 3081 1145 3133 modo
1173 3083 1383 3134 Gtoesue
1401 3089 1526 3133 erat.
1642 3078 1752 3132 OV.

302 3222 422 3281 Pro
452 3245 467 3279 z
503 3223 805 3284 mendicus
834 3220 906 3282 fit
932 3218 1147 3296 subite,
1182 3220 1289 3304 qui
1315 3220 1490 3282 modo
1516 3220 1826 3283 ditissimus
1849 3230 1990 3319 erat.

364 3407 818 3424 .............
843 3371 1027 3424 Nestor
1051 3372 1353 3439 componere
1372 3370 1489 3422 lites

357 3455 501 3508 Inter
516 3455 743 3510 Peliden
765 3457 972 3510 festinat
990 3464 1043 3509 et
1061 3455 1199 3508 inter
1215 3454 1468 3509 Atriden.
