2520 4211
1266 307 1537 399 (ιω)

521 475 638 517 esse
657 454 867 536 nequit
892 476 907 512 ε
933 451 1038 534 qui
1057 469 1192 511 vero
1213 450 1565 532 contrariam
1582 492 1599 523 ,
1623 468 1758 509 cum
1781 448 1996 509 Seneca
2011 493 2029 525 ‚
2053 460 2287 511 senten-

521 553 667 613 tiam
688 549 1015 612 defendunt
1034 591 1051 623 ,
1074 545 1137 606 hi
1163 545 1350 608 solam
1375 546 1522 628 styli
1537 544 1971 628 expolitionem
1990 556 2253 628 spectant
2269 588 2290 622 ,

497 700 500 706 ,
521 668 700 731 quam
721 644 1030 727 assequeris
1049 661 1263 726 paucos
1278 642 1577 724 eligendo,
1600 652 1661 703 et
1678 641 1753 701 ad
1767 661 1968 703 eorum
1988 640 2295 724 exemplar

519 744 838 805 dictionem
862 753 1027 802 tuam
1049 739 1449 801 informando.

600 839 744 900 Non
757 860 924 922 mque
946 837 1117 899 facile
1132 836 1403 912 dixerim,
1422 836 1525 918 qui
1544 855 1660 918 prae
1673 834 1885 897 caeteris
1900 834 2010 895 tibi
2028 836 2294 899 maxime

524 937 912 1013 conveniant5
952 935 1175 997 habent
1211 936 1372 997 enim'
1416 932 1633 1014 singuli
1647 979 1666 1009 ,
1694 932 1942 1015 quilibet
1978 933 2043 993 in
2080 954 2295 1014 genere

526 1054 630 1094 suo
647 1078 665 1110 ,
699 1033 961 1115 proprios
992 1029 1159 1093 flores
1173 1077 1191 1107 ,
1226 1031 1526 1113 proprium
1566 1029 1767 1091 lumen
1784 1053 1799 1105 ;
1836 1050 2064 1111 neque,
2094 1031 2166 1090 ut
2183 1035 2296 1091 'sa-

525 1131 752 1213 pienter
782 1131 984 1191 monet
1005 1129 1438 1206 Quintilianus,
1472 1139 1683 1188 temere
1697 1127 1775 1188 de
1795 1127 1971 1187 tantis
1994 1126 2128 1187 viris
2146 1147 2298 1210 pro-

525 1227 926 1288 nuntiandum
946 1237 1068 1288 est:
1084 1238 1353 1309 praeterea
1369 1223 1550 1285 trahit
1566 1244 1666 1284 sua
1686 1243 1980 1306 quemque
2002 1221 2295 1306 voluptaS,

512 1344 746 1407 ⁸suaque
766 1333 995 1386 natura.
1016 1320 1154 1383 Non
1176 1332 1373 1382 tamen
1392 1318 1655 1380 dubitem
1679 1319 1980 1402 praecipere
2001 1318 2297 1381 inchoan-

527 1420 670 1480 dum
691 1419 766 1479 ab
786 1419 1062 1493 Homero,
1080 1407 1349 1478 omnium
1368 1425 1737 1476 venustatum
1752 1415 2108 1499 poeticarum
2123 1413 2296 1478 fonte

525 1513 922 1593 inexhausto·
937 1511 1102 1573 hunc

591 1692 597 1699 =
729 1661 991 1746 Nocturna
1011 1673 1208 1714 versate
1229 1678 1414 1726 manu,
1433 1670 1631 1714 versate
1647 1659 1851 1744 diurni.

428 1855 431 1858 Α
531 1752 689 1861 Tum
724 1779 943 1880 jubebo
971 1790 1236 1861 evolvere
1255 1755 1488 1881 Virgilii
1523 1799 1764 1881 scripta,
1800 1798 2118 1868 Homericis
2143 1810 2297 1861 certe

529 1896 834 1979 proxima,
859 1907 920 1958 et
944 1896 1263 1960 elocutioni
1298 1897 1544 1979 poe‘ticae
1557 1895 1941 1956 informandae
1971 1894 2298 1956 utilissima.

532 1995 641 2057 His
663 1995 869 2057 addere
889 2004 1116 2076 oportet
1135 1996 1316 2056 aetatis
1345 2014 1529 2055 aureae
1556 1992 2043 2076 praestantissimos
2064 1994 2263 2074 poetas
2285 2035 2303 2071 ,

528 2090 920 2174 Sophoclem,
970 2091 1347 2176 Euripidem,
1391 2090 1751 2167 Pindarum,
1797 2087 2253 2171 Aristophanem
2267 2129 2297 2168 ‹,

533 2189 912 2266 Terentium,
945 2189 1288 2266 Tibullum,
1322 2179 1688 2270 Propertium
1704 2233 1724 2265 ,
1759 2187 2071 2265 Ovidium,
2101 2189 2300 2249 Hora-

532 2285 707 2347 tium.
731 2285 855 2347 Illis
878 2285 1286 2362 immorabere,
1306 2284 1611 2367 gaudebis,
1636 2284 1857 2346 frueris.
1878 2276 2141 2347 Ro‘busto
2164 2296 2299 2347 tan-

533 2369 667 2441 dem
690 2382 849 2463 stylo
869 2392 928 2442 et
951 2380 1071 2460 jam
1092 2365 1294 2440 adulto
1308 2425 1325 2456 ,
1346 2383 1558 2463 poteris
1578 2382 1749 2445 etiam
1772 2382 2005 2464 aggredi
2030 2392 2261 2445 caeteros
2276 2428 2296 2462 ,

537 2478 642 2559 qui
674 2475 1164 2558 consequentibus
1197 2474 1459 2538 aetatibus
1488 2476 1841 2558 floruerunt3
1863 2479 1945 2539 ita
1972 2490 2167 2541 tamen
2197 2492 2295 2558 ut,

500 2590 513 2604 ⁴
535 2584 855 2658 postquam¹
870 2573 944 2633 ad
968 2571 1077 2634 hos
1103 2573 1391 2646 diyerteris
1408 2572 1528 2649 ,ad
1552 2572 1718 2650 illos,
1752 2575 2062 2658 praesertim
2084 2577 2300 2660 Smyr-

537 2694 731 2734 naeum
750 2682 810 2734 et
829 2673 1252 2745 Mantuanum,
1277 2669 1489 2733 redeas.
1508 2671 1940 2734 Abstinendum
1961 2672 2076 2735 ab
2057 2675 2305 2756 impuris

537 2769 920 2847 carminibus,
945 2790 1127 2852 apum
1151 2789 1309 2829 more
1323 2813 1341 2845 ,
1373 2786 1505 2850 quae
1532 2771 1774 2833 mortuis
1794 2790 1872 2831 ne
1895 2768 2134 2879 floribus
2160 2773 2303 2856 qui-

536 2865 702 2942 dem,
733 2867 952 2937 nedum
973 2866 1310 2950 corporibus
1329 2864 1638 2929 insident.
1855 2902 1860 2917 ι

617 2950 886 3044 Legendi
918 2965 1129 3025 modus
1163 2963 1295 3024 talis
1321 2963 1421 3039 sit,
1447 2974 1516 3023 ut
1539 2962 1688 3024 lecta
1709 2976 1836 3027 non
1862 2900 2100 3025 solum
2081 2985 2147 3024 ιιι
2177 2946 2332 3028 :ne-¹

539 3063 787 3122 moriam
810 3061 906 3122 sed
930 3063 1106 3123 etium
1136 3063 1201 3122 in
1232 3061 1538 3154 ingenium
1567 3071 1886 3141 penetrent-
1909 3061 2072 3124 Non
2061 3063 2305 3144 >impetu

540 3171 926 3220 transcurrere
953 3158 1088 3220 licet
1102 3176 1124 3233 ,·
1147 3180 1258 3220 nec
1282 3159 1444 3220 avide
1470 3158 1742 3219 invadere
1762 3159 2029 3221 universa
2044 3201 2064 3233 ‚
2083 3160 2306 3221 scilicet

539 3277 618 3324 ne
643 3254 813 3338 plura
840 3238 1112 3336 occupes,
1137 3276 1315 3336 quam
1344 3255 1568 3340 quibus·
1588 3254 1843 3327 sufficere
1866 3255 2063 3337 possis.
2102 3256 2243 3337 Non
2272 3276 2307 3315 a

541 3352 735 3414 medio
749 3394 775 3426 ,„
793 3349 955 3433 quod
982 3371 1017 3410 a
1042 3349 1242 3413 multis
1265 3349 1390 3419 fieri
1410 3351 1585 3429 solet,
1607 3350 1707 3423 sed
1726 3349 1801 3413 ab
1817 3352 1994 3430 initio
2008 3352 2308 3417 evolvatur
