2520 4211
1202 239 1560 411 ί(122)

498 535 501 536 ⁷
607 469 774 526 Hanc
817 463 989 524 etiam
1034 461 1383 523 sententiam
1416 463 1503 522 -ab
1531 463 1792 524 =Horatio
1840 466 2299 548 exquisitisimis

524 561 813 641 Epithetis
840 570 1104 620 ornatam
1130 560 1414 621 admirare
1437 583 1458 619 t
1484 562 1906 642 Nequicquam
1925 565 2102 624 Deus
2118 576 2302 625 tenus

534 651 764 718 Oceano
800 657 1083 730 abscidit,
1111 660 1166 717 si
1196 670 1396 717 tamen
1429 671 1581 718 rates
1619 660 1788 718 vada
1821 664 2195 720 transiliunt.
2230 662 2304 732 ld

522 767 635 832 est,
670 757 880 818 frustra
911 756 1023 816 Dei
1056 756 1417 833 providentia
1445 767 1619 818 terras
1650 778 1686 816 a
1713 759 1859 818 mari
1893 759 2220 834 disjunxit,
2257 760 2308 820 si

520 854 908 916 nihilominus
957 852 1224 914 homines
1272 854 1491 915 audent
1539 855 1826 937 navigare.
1869 856 1968 916 sio
2010 857 2173 917 enim
2218 863 2306 916 a‘it

522 953 646 1014 Ode
681 953 717 1013 3
752 952 888 1013 libri
922 972 958 1011 2
998 976 1010 1010 :

863 1074 1219 1141 Nequicquam
1245 1072 1390 1127 Deus
1408 1076 1621 1134 abscidit

790 1159 1031 1210 Prudens
1056 1156 1262 1210 Oceano
1285 1158 1610 1210 dissociabili

857 1242 1073 1305 Terras,
1100 1242 1144 1292 si
1170 1252 1343 1294 tamen
1369 1246 1552 1312 impioe

789 1330 913 1380 Non
934 1326 1203 1395 tangenda
1223 1336 1353 1377 rates
1376 1327 1673 1379 transiliunt
1698 1330 1836 1380 vada.

598 1453 793 1527 Quam
813 1449 962 1508 bene
984 1440 1211 1506 vo‘cavit
1227 1446 1431 1505 Deum
1440 1448 1796 1525 prudentem
1817 1449 1882 1509 in
1904 1449 2016 1511 hac
2039 1454 2299 1515 marium

516 1532 913 1629 terrarumque
944 1544 1318 1634 distinctione
1330 1568 1348 1622 3
1389 1545 1622 1623 Impius
1650 1559 1834 1619 rates,
1870 1548 2031 1631 quod
2077 1550 2298 1611 divinae

514 1645 895 1725 providentiae
906 1642 1058 1723 leges
1076 1640 1294 1701 violare
1315 1641 1747 1723 quodammodo
1763 1645 2068 1707 videantur
2077 1674 2096 1726 3
2118 1648 2301 1712 Occa-

515 1767 663 1804 num
694 1740 1129 1814 dissociabilem
1154 1750 1213 1798 et
1241 1740 1412 1797 vada
1443 1761 1567 1799 non
1600 1744 1919 1823 tangenda,
1946 1745 2108 1825 quod
2132 1748 2297 1809 Deus

513 1843 742 1903 videtur
766 1839 978 1899 idcirco
1005 1834 1256 1897 infinitis
1287 1836 1394 1895 illa
1428 1840 1846 1920 propemodum
1861 1829 2254 1922 ‘scopulorum
2269 1892 2289 1921 ‚

513 1940 763 2023 syrtium
775 1982 793 2014 ,
818 1931 1330 2019 procella'rumque
1346 1935 1596 1997 cinizisse
1618 1938 1908 2014 periculis,
1925 1961 2002 2001 ne
2020 1963 2296 2025 unquam

509 2038 778 2104 homines
791 2034 996 2116 pelago
1012 2054 1068 2094 se
1085 2034 1463 2109 committere,
1477 2033 1695 2096 illudve
1715 2037 2000 2119 attingere
2012 2039 2297 2102 audeant.

591 2139 826 2219 Moyses
849 2154 1052 2217 rupem
1074 2132 1325 2211 impellit
1348 2132 1505 2213 virgei
1521 2177 1538 2207 ‚
1565 2144 1758 2195 cautes
1791 2137 2013 2210 tremit,
2041 2139 2300 2200 exsudat

510 2236 698 2313 primo
716 2242 938 2314 guttas,
955 2242 1083 2289 tum
1102 2229 1329 2288 sontem
1344 2228 1682 2308 ejaculatur.
1700 2230 1796 2291 En
1817 2232 2006 2294 ideam
2029 2235 2260 2298 nudam
2274 2284 2291 2313 ,

508 2352 686 2413 quam
711 2330 791 2389 sic
810 2325 1100 2408 Epithetis
1126 2324 1562 2404 elegantissimis
1586 2327 1837 2388 illustrat
1855 2329 1943 2392 Cl.
1969 2331 2208 2393 Eebeau
2235 2357 2251 2392 ε

721 2491 1082 2512 ...........
1123 2455 1399 2506 Foecundo
1423 2457 1642 2508 vulnere
1668 2475 1848 2526 rupem

710 2540 923 2611 Impulit
945 2560 958 2590 ι
979 2538 1255 2590 intremuit
1276 2547 1445 2589 cautes
1460 2578 1476 2607 ,
1499 2539 1785 2612 docilisque
1794 2543 2032 2611 fluentes

612 2652 622 2666 .
710 2630 941 2684 Exsudat
965 2626 1189 2696 primum
1212 2633 1378 2693 guttas
1394 2665 1410 2692 ,
1438 2625 1744 2705 mollitaque
1758 2631 1942 2695 jussas

709 2715 1008 2781 Ejaculatur
1036 2728 1207 2778 aquas.

585 2829 726 2889 Haec
766 2825 1034 2902 exempla
1078 2823 1370 2885 sufficiant
1412 2826 1496 2886 ad
1533 2826 2050 2887 demonstrandum
2100 2840 2285 2908 quam

503 2924 806 3003 splendida
832 2922 1109 3000 Epitheta
1130 2944 1204 2982 ex
1231 2921 1347 2982 hoc
1376 2922 1542 2983 fonte
1566 2922 1786 2983 hauriri
1814 2924 2052 3005 possint.

581 3021 648 3097 4⁰
688 3022 919 3079 Rerum
959 3022 1332 3079 natm-alium
1340 3065 1363 3093 ,
1393 3021 1742 3080 divinarum
1773 3033 1832 3078 et
1863 3020 2284 3083 historicarum

500 3122 767 3201 cognitio.
793 3115 892 3175 Ex
916 3115 1030 3176 hoc
1051 3116 1240 3191 sonte,
1272 3118 1377 3199 qui
1399 3138 1635 3178 omnem
1657 3117 1775 3178 fere
1791 3116 2024 3178 Poiisim
2048 3119 2278 3201 irrigat,

498 3217 705 3278 hausta
724 3224 865 3276 sunt
884 3211 1161 3291 Epitheta
1169 3189 1594 3297 ’exemplorum
1616 3215 1986 3296 sequentium
2015 3239 2028 3273 :

770 3334 855 3390 Me
879 3313 1085 3400 quoque
1106 3333 1298 3386 devexi
1320 3337 1535 3406 rapidus
1555 3353 1722 3389 comes
1750 3336 1961 3390 Orionis

770 3422 1012 3491 Illyricis
1031 3420 1196 3474 Notus
1214 3423 1388 3475 obruit
1414 3423 1580 3476 undis.
1922 3422 2066 3477 Hon-
