2520 4211
928 347 1203 438 (145)

176 444 484 557 tudiuibus
534 493 594 548 et
638 461 892 567 partium
947 489 1480 570 enumerationibus
1534 505 1658 555 etc.·
1695 495 1948 581 Optimae

175 591 318 646 sunt
340 572 742 660 definitiones,
764 602 894 666 quae
916 605 1154 645 omnem
1174 587 1256 648 rei
1280 588 1399 648 vim
1427 599 1486 650 et
1504 600 1841 669 potestatem
1867 591 1950 657 ita

176 676 435 740 dilucide
482 688 826 761 proponunt
866 691 924 741 et
965 680 1210 744 breviter
1257 684 1597 766 explicant,
1644 699 1712 749 ut
1752 710 1946 775 neque

172 774 444 855 pluribus
465 775 650 837 verbis
676 778 1021 857 oportuisse,
1051 775 1244 862 neque
1269 781 1518 844 lucidius
1540 786 1794 867 potuisse
1828 788 1947 850 dici

174 881 454 953 putetur-3
466 891 589 932 uno
610 872 814 949 verbo,
839 894 969 956 quae
996 873 1386 942 brevissimam
1416 879 1591 940 simul
1610 893 1669 945 et
1689 883 1949 965 pulcher·

172 967 387 1030 rimam
409 969 490 1031 rei
511 969 826 1052 imaginem
850 960 1155 1034 exhibent.
1177 972 1508 1037 Politianus
1540 999 1641 1059 per
1667 982 1946 1051 eximiam

173 1063 583 1127 definitionem
605 1064 861 1129 hominis
888 1068 968 1130 sic
994 1070 1258 1130 extendit
1284 1071 1606 1155 simplicem
1632 1074 1790 1140 hanc
1814 1102 1945 1143 sen-

172 1161 421 1242 tentiam
446 1186 460 1247 ².
488 1184 680 1243 nuper
701 1178 998 1227 creaverat
1015 1165 1186 1229 Deua
1202 1168 1501 1252 hominem
1522 1195 1545 1258 ,ᾗ

186 1374 194 1382 ,
220 1315 223 1318 ’
311 1322 567 1375 Intulerat
587 1326 735 1375 terris
760 1343 925 1396 nuper
945 1329 1245 1397 mundoque
1267 1332 1458 1384 recenti

311 1406 450 1457 Cura
469 1408 550 1458 dei
572 1418 805 1461 sanctum
827 1413 924 1463 hoc
943 1414 1133 1465 animal
1149 1416 1359 1483 ‚quod
1344 1433 1400 1467 m
1419 1417 1608 1469 aethera
1626 1417 1784 1471 ferret

246 1509 249 1510 ⁷
312 1489 570 1544 Sublimes
587 1494 785 1561 oculos,
809 1497 946 1564 quod
965 1500 1153 1551 mentis
1170 1503 1414 1554 acumine
1435 1511 1601 1555 totum

308 1575 519 1634 Naturae
544 1578 785 1631 lustraret
801 1599 954 1649 opus,
975 1600 1249 1652 causasque
1266 1586 1481 1642 latentes

306 1658 531 1711 Eliceret
553 1678 758 1726 rerum,
781 1673 830 1714 et
849 1682 1113 1720 summum
1137 1670 1466 1738 deprenderet
1482 1674 1578 1724 aevi

307 1741 577 1796 Artificem
593 1782 609 1810 ,
630 1756 763 1798 nutu
785 1756 974 1816 terras,
997 1751 1182 1818 maria,
1208 1762 1341 1804 astra
1358 1764 1644 1822 regentem3

309 1824 462 1891 Quod
480 1828 660 1879 fictum
681 1830 880 1883 ratione
896 1834 1061 1884 animi
1080 1836 1425 1887 substerneret
1449 1837 1544 1888 uni

309 1908 508 1961 Cuncta
532 1912 654 1977 sibi,
674 1932 733 1967 ac
758 1916 951 1968 vindex
979 1918 1257 1985 pecudum,
1279 1919 1601 1987 domitorque
1616 1920 1845 1984 ferarum

300 1990 476 2047 Posset
500 1996 564 2047 ab
583 1996 766 2065 ignavo
784 1998 926 2050 senio
945 2000 1214 2052 defendere
1233 2003 1508 2053 mundum.

169 2141 731 2209 Circumlocutiones
761 2168 888 2209 non
925 2147 1207 2229 differunt
1239 2170 1274 2210 a
1305 2149 1778 2233 definitionibus,
1823 2159 1936 2221 nisi

168 2243 332 2322 quod
353 2239 469 2303 illae
485 2245 712 2310 brevius
727 2245 813 2306 rei
833 2257 1101 2308 naturam
1122 2247 1451 2327 explicant,
1471 2250 1562 2314 hae
1580 2273 1711 2315 vero
1728 2256 1937 2338 passim

167 2340 433 2405 uberiore
454 2342 612 2427 stylo
635 2341 867 2405 fluunt.

245 2426 317 2515 40
356 2439 647 2499 Omnium
672 2438 1198 2523 amplificationum
1225 2444 1580 2526 poeticarum
1607 2448 1731 2511 sine
1757 2449 1937 2512 dubio

165 2535 624 2598 luculentissima
646 2547 729 2598 est
748 2539 1119 2618 Descriptim
1140 2562 1265 2601 non
1286 2544 1443 2603 enim
1465 2544 1654 2606 solum
1674 2549 1939 2609 extendit

162 2643 462 2717 augetque
482 2635 800 2719 orationem
815 2679 832 2708 ‚
853 2634 948 2694 sed
977 2622 1219 2696 mirifice
1234 2639 1415 2698 'etiam
1436 2652 1650 2701 recreat
1670 2643 1937 2703 animum

160 2731 441 2811 legentis,
501 2732 786 2792 variarum
834 2751 1025 2790 rerum
1073 2733 1352 2813 imagines
1399 2736 1582 2796 oculis
1626 2737 1932 2817 exhibens.

112 2838 121 2845 ·
161 2823 488 2903 Descriptio
505 2844 626 2886 non
657 2822 852 2881 minus
880 2821 994 2882 late
1023 2833 1175 2904 patet
1195 2844 1373 2905 quam
1396 2826 1518 2903 ipsa
1539 2827 1747 2891 Poesis.
1773 2833 1933 2895 Hinc

160 2941 251 2980 res
275 2919 515 2995 divinas,
551 2913 833 2985 astrorum
872 2930 1066 2981 motus
1095 2931 1151 2980 et
1185 2919 1478 3002 splendor,
1512 2926 1931 2993 elementorum

159 3002 516 3077 admirabilis
559 3026 876 3079 concentus
893 3061 912 3094 ,
948 3038 1130 3079 mores
1170 3019 1519 3104 diversarum
1559 3026 1825 3106 gentium
1874 3041 1931 3090 et

158 3112 516 3194 privatorum
539 3111 850 3175 hominum
858 3158 878 3192 ,
905 3106 1092 3174 studia
1120 3115 1540 3195 animantium,
1565 3122 1829 3203 regiones
1856 3144 1933 3188 re-

131 3207 491 3270 ·motissimae
505 3255 523 3285 ‚
547 3211 841 3294 sylvarum
867 3233 1144 3290 recessus,
1168 3224 1475 3277 ventorum
1497 3227 1929 3300 tempestatum·

159 3325 279 3386 que
319 3305 532 3387 fragor,
580 3311 778 3371 omnia
820 3310 1098 3395 denique,
1140 3334 1394 3397 quorum
1433 3316 1691 3398 cognitio
1729 3317 1927 3383 haberi

164 3407 385 3477 potest,
414 3400 670 3535 amplam
691 3404 970 3484 penicillo
997 3411 1302 3487 poetarum
1328 3412 1625 3472 materiam
1650 3411 1926 3494 praebent.

1646 3509 1729 3582 13
