2520 4211
962 347 1243 438 (1⁵⁵)

221 487 371 551 liber
418 509 605 572 nsque
650 486 724 550 ad
766 486 986 568 finem3
1028 509 1223 571 neque
1267 477 1467 567 prius,
1521 490 1631 563 ubi
1674 481 1992 553 occurrunt

221 585 486 669 quaedam
513 583 817 647 intellectu
846 584 1198 662 difficiliora,
1222 585 1653 669 procedendum
1675 598 1787 662 est,
1810 607 2006 670 quam>

220 704 287 744 ea
320 681 469 744 bene
502 684 873 765 perspexeris.
902 681 1197 745 Perlectus
1234 682 1383 746 liber
1414 706 1490 746 ex
1525 685 1749 766 integro
1782 683 1993 754 deinde

219 791 510 863 repetatur
526 803 546 857 ;
584 780 768 841 latent
806 779 967 841 enim
1004 779 1340 863 frequenter
1380 781 1685 842 nonnullae
1723 776 1994 855 virtutes,

220 895 354 959 quae
372 876 617 959 primam
639 875 947 938 lectionem
968 875 1280 958 effugiunt.
1299 878 1374 937 In
1387 877 1716 939 auctoribus
1731 875 1992 959 legendis

219 971 635 1033 oonsideranda
665 982 806 1033 sunt
838 994 925 1034 res
955 983 1013 1033 et
1045 971 1244 1047 verba,
1272 993 1413 1033 nam
1444 983 1763 1056 utrumque
1792 973 1991 1033 imita-

219 1070 372 1130 tioni
391 1069 697 1151 subjicitur
722 1094 738 1130 z
762 1069 901 1132 fixis
926 1071 1106 1153 igitur
1139 1069 1324 1131 oculis
1359 1070 1837 1152 perscrutandum
1869 1081 1988 1146 est,

219 1167 341 1250 qua
375 1168 597 1230 ratione
632 1168 955 1246 ordiantur,
983 1168 1262 1250 progressi
1295 1167 1713 1249 digrediantur,
1741 1167 1992 1228 conclu·

222 1251 410 1348 dant3'
434 1266 648 1347 quibus
681 1265 1016 1340 affectibus,
1050 1265 1332 1341 moribus,
1361 1263 1728 1339 fictionibus,
1753 1284 1821 1326 ae
1853 1284 1992 1327 sen-

219 1362 537 1444 tentiarum
553 1362 971 1446 verborumque
988 1362 1312 1424 luminibus
1327 1363 1537 1444 scripta
1553 1381 1655 1423 sua
1670 1370 1996 1439 exornent?

223 1457 369 1539 quid
394 1457 459 1518 in
482 1480 542 1520 re
559 1459 733 1520 simili
757 1459 858 1522 abs
882 1470 939 1521 te
961 1458 1086 1521 fieri
1107 1460 1304 1542 possit.
1322 1461 1462 1520 Uno
1484 1458 1686 1535 verbo,
1713 1457 1994 1540 legendus

223 1565 307 1615 est
328 1552 477 1615 liber
496 1555 958 1637 diligentissime,
982 1567 1039 1617 et
1063 1578 1211 1638 pene
1228 1557 1304 1617 ad
1327 1557 1614 1620 scribendi
1640 1555 1994 1618 sollicitudi-

222 1670 384 1711 nem.
401 1652 669 1713 Tandem
690 1663 893 1726 monet
912 1652 1158 1728 Seneca,
1191 1664 1260 1713 ut
1282 1675 1655 1737 quaeeunque
1671 1675 1749 1716 ex
1772 1649 1994 1722 diversa

226 1745 474 1810 lectione
509 1749 932 1830 congessimus,
966 1750 1167 1810 animo
1195 1760 1254 1811 et
1288 1750 1502 1813 libellis
1542 1771 1865 1832 separemus
1879 1793 1898 1824 ,
1934 1758 1995 1810 et

225 1863 357 1927 apes
397 1844 693 1906 imitemur
706 1866 899 1927 ,ηοω
937 1844 1181 1906 floribus
1216 1845 1514 1907 melliferis
1553 1867 1612 1907 se
1649 1846 1991 1921 insinuant,
1992 1880 1999 1892 ι

112 1944 119 1947 ’
224 1939 436 2012 deinde
477 1961 622 2023 quos
661 1940 890 2003 ebibere
934 1962 1163 2015 succos,
1210 1941 1455 2002 domum
1494 1941 1749 2002 afferunt
1791 1951 1849 2001 et
1890 1960 1995 2022 per

223 2037 393 2099 favos·
424 2038 769 2121 disponunt.
807 2038 907 2101 Sic
941 2059 1073 2123 quae
1110 2037 1353 2099 fuerunt
1386 2037 1573 2099 aliena
1590 2082 1609 2114 ‚
1645 2059 1748 2121 per
1777 2057 1998 2102 novam

222 2133 686 2216 prudentemque
724 2135 1175 2196 elaborationem
1188 2179 1207 2212 ,
1246 2132 1397 2195 fient
1432 2144 1652 2196 nostra.
1973 2160 1976 2161 ⁷

714 2326 756 2410 §
796 2348 853 2388 2.
895 2330 995 2389 De
1034 2331 1494 2394 Exmitatione.

308 2522 447 2584 Sola
477 2533 673 2586 autem
714 2523 920 2601 lectio,
960 2524 1006 2583 si
1042 2524 1198 2585 deest
1241 2524 1612 2599 exercitatio,
1651 2523 1995 2604 plerumque
2095 2594 2112 2602 j

230 2619 436 2680 sterilis
471 2631 577 2681 est.
618 2620 876 2702 Invicem
917 2619 1042 2681 haec
1085 2620 1190 2680 illa
1233 2620 1675 2693 commutanda,
1716 2629 1776 2678 et
1818 2618 1995 2677 altera

229 2716 466 2778 alterius
485 2738 598 2798 ope
626 2719 1021 2801 temperanda,
1051 2729 1150 2793 ut,
1185 2717 1476 2800 quidquid
1505 2715 1755 2777 lectione
1783 2713 1993 2777 collec-

231 2827 360 2876 tum
399 2815 603 2892 fuerit,
634 2817 823 2900 stylus
847 2816 1070 2898 redigat
1094 2817 1160 2876 in
1185 2835 1416 2896 corpus·
1446 2813 1534 2879 Ut
1568 2823 1717 2873 terra
1748 2813 1863 2875 alte
1888 2812 1998 2875 de*

230 2910 378 2974 fossa
417 2914 759 2994 generandis
793 2914 1131 2995 alendisque
1163 2912 1479 2974 seminibus
1514 2911 1847 2973 foecundior
1874 2922 1993 2986 est,

231 3009 314 3071 sic
353 3010 689 3071 exercitatio
728 3012 1071 3094 quotidiana
1111 3006 1464 3074 studiorum
1480 3008 1704 3070 fructus
1745 3007 2000 3070 effundit

233 3104 490 3183 uberius,
519 3128 588 3169 ac
608 3106 839 3170 fidelius
860 3113 1140 3172 eontinet.
1165 3109 1248 3169 Ut
1271 3107 1468 3191 paucis
1489 3093 1684 3167 omnia
1703 3105 1999 3189 eomplee-

233 3214 362 3265 tar.
391 3205 696 3266 scribendo
716 3204 790 3266 fit
816 3217 884 3266 ut
907 3206 1058 3270 bene
1082 3208 1386 3271 scribatur.

313 3300 438 3361 Sed
449 3304 603 3381 quid
626 3306 876 3363 Ροέεἰπι
903 3306 1231 3366 addiscenti
1251 3298 1668 3365 scribendum?

314 3395 554 3460 Cavebis
581 3409 722 3462 ante
752 3403 980 3480 omnia,
1008 3423 1086 3463 ne
1108 3422 1303 3464 sumas
1334 3403 1661 3478 materiam,
1686 3418 1821 3484 quae
1852 3397 1997 3458 vires
