2520 4211
999 353 1024 445 (
1079 380 1104 422 1
1121 377 1200 444 29
1248 354 1275 444 )

242 497 431 561 modis
455 495 716 559 adhiberi
738 505 926 579 potest
940 542 958 573 ‚
987 517 1126 558 eum
1150 494 1324 557 verba
1350 505 1453 562 aut
1477 493 1879 579 duplicantur,
1916 479 2019 559 aut

239 595 487 657 breviter
507 604 863 655 commutata
889 605 1224 677 ponuntur,
1257 604 1370 655 aut·
1394 593 1472 655 ab
1496 594 1700 655 eodem
1734 592 2022 655 vocabulo

241 693 487 754 ducitur
509 693 712 776 saepi‘us
745 692 928 752 oratio
944 738 962 768 ,
992 703 1095 753 aut
1121 694 1187 753 in
1214 693 1368 754 idem
1399 691 1731 773 conjicitur.
1754 692 2019 752 Maxima

242 800 438 854 autem
461 800 545 852 est
565 789 814 852 efficacia
837 790 1275 873 Repetitionum
1296 790 1369 850 ad
1387 789 1835 852 commovendos
1851 788 2017 851 affec·

242 897 364 963 tus,
388 898 465 948 ut
493 887 708 958 doloris
730 899 788 952 et
810 888 1324 954 commiserationis
1353 912 1369 948 z

309 1024 429 1093 Ipsa
441 991 719 1093 (Orpheus)
746 1024 869 1076 cave
888 1026 1056 1078 solans
1074 1042 1267 1096 aegrum
1289 1024 1543 1077 testudine
1562 1029 1815 1091 amorem,

310 1106 416 1174 Te,
435 1110 599 1160 dulcis
616 1101 812 1175 ‘conjux
836 1108 1116 1179 (Euridice)
1132 1148 1146 1173 ,
1169 1119 1218 1160 te
1237 1109 1418 1160 soloin
1441 1107 1617 1176 littere
1634 1125 1808 1159 secum
1824 1143 1840 1171 ,

308 1191 385 1245 Te
403 1193 645 1246 veniente
663 1195 773 1261 die,
791 1203 842 1245 te
856 1195 1128 1246 decedente
1143 1195 1371 1246 canebat.
1389 1235 1397 1244 ,
1646 1190 1810 1244 Vmo.

324 1321 560 1381 Laetitiae
581 1331 640 1383 et
660 1320 1039 1382 exultationis
1064 1343 1081 1381 ε
1158 1375 1163 1379 ,

309 1453 445 1507 Cum
467 1455 646 1525 procul
671 1458 904 1507 obscuros
923 1456 1074 1508 colles
1087 1495 1102 1523 ,
1123 1455 1485 1523 humilemque
1503 1453 1738 1506 videmus

308 1540 534 1603 Italiam,
555 1540 781 1593 Italiam!
814 1542 1012 1611 primus
1029 1543 1316 1593 conclamat
1338 1542 1561 1595 Achates
1575 1579 1590 1607 ,

305 1623 511 1676 Italiam
536 1626 653 1676 laeto
676 1625 800 1677 socii
824 1628 1051 1698 clamere
1064 1627 1308 1679 salutant.
1581 1623 1741 1678 Vino.

319 1756 594 1819 Audaciae
615 1767 673 1818 et
694 1753 910 1818 ardoris
932 1758 1130 1820 bellici
1154 1783 1169 1818 ε

307 1894 472 1947 Arma
493 1912 653 1948 manu
671 1897 859 1966 trepidi
879 1906 1124 1966 poscunt,
1145 1896 1323 1949 fremit
1341 1914 1485 1962 arma
1495 1900 1764 1961 juventus,
1865 1894 1953 1962 ld.

307 1976 420 2043 Me,
445 1996 557 2043 me,
585 1980 758 2031 adsum
779 1981 868 2047 qui
890 1980 986 2033 feci
1002 2020 1017 2046 ,
1040 1981 1100 2033 in
1121 1998 1206 2032 me
1231 1980 1517 2033 convertite
1540 1979 1756 2033 ferrum.
1862 1978 1952 2029 ld.

319 2116 610 2199 Repetitio
634 2118 1127 2199 conjunctionum
1157 2118 1391 2201 proprio
1419 2117 1661 2178 nomine
1692 2114 2017 2199 appellatur

237 2215 679 2296 Poffysyndeton
709 2215 767 2297 (a
801 2231 948 2291 πολὺς
987 2228 1045 2278 et
1083 2221 1346 2292 σύνθετος,
1381 2217 1609 2274 multus
1641 2224 1699 2274 et
1732 2216 2015 2290 conjunc-

235 2308 378 2391 tus).
410 2310 507 2372 Sic
536 2310 692 2371 Dido
721 2311 1074 2388 furibunda,
1106 2332 1297 2395 quum
1326 2310 1401 2371 ab
1436 2308 1622 2371 AEnet‘i
1654 2309 1938 2372 desertam
1957 2329 2015 2370 se

152 2483 157 2487 ¹
235 2407 454 2470 videret
478 2432 493 2468 ε

371 2540 547 2610 Quem
568 2544 732 2596 metui
759 2542 1047 2595 moritura?
1068 2544 1198 2596 faces
1217 2544 1280 2595 in
1300 2553 1467 2597 castra
1482 2543 1741 2609 tulissem,

372 2622 919 2698 Implessemque’foros
944 2627 1176 2689 flamma,
1204 2636 1489 2697 natumque
1501 2663 1528 2690 λ
1544 2636 1838 2695 patremque
1852 2662 1871 2688 ,

376 2709 511 2763 Cum
533 2730 716 2780 genere
731 2712 1004 2765 extinxem
1021 2749 1036 2777 ,
1056 2719 1250 2761 memet
1273 2728 1425 2790 super
1444 2710 1551 2778 ipsa
1571 2711 1836 2760 dedissem.

321 2855 384 2900 2⁰
423 2841 779 2924 Repetitioni
803 2841 1091 2904 contraria
1122 2850 1206 2902 est
1231 2838 1641 2918 AposiopesiS,
1663 2861 1711 2900 s.
1735 2839 2013 2898 Retia-en-

234 2942 349 3010 tia,
381 2959 513 3023 quae
534 2941 863 3003 institutam
885 2939 1147 3023 phrasim
1169 2936 1365 3002 subito
1382 2936 1698 3020 abrumpit.
1724 2937 2014 3000 Convenit

238 3048 306 3098 ut
348 3035 671 3119 plurimum
713 3039 843 3115 irae3
884 3061 949 3100 v·
991 3060 1053 3120 g.
1100 3059 1237 3100 cum
1284 3036 1594 3127 Neptunus
1640 3034 2013 3116 reprehendit

236 3129 468 3211 ventos,
497 3136 657 3220 quod
681 3135 898 3229 alisque
922 3137 1168 3199 numine
1191 3157 1298 3203 suo
1321 3156 1475 3196 mare
1499 3134 1869 3194 turbaverant
1896 3157 1910 3192 ε

306 3273 421 3326 Jsm
442 3274 633 3326 coelum
655 3227 949 3349 terramque
969 3287 1085 3326 meo
1108 3276 1220 3328 sine
1240 3276 1464 3329 numine
1477 3314 1492 3342 ,
1516 3275 1691 3340 venti,

304 3356 519 3409 Miscere
532 3396 548 3424 ,
571 3367 622 3410 et
642 3367 806 3410 tantas
824 3360 1018 3411 audetis
1035 3360 1441 3413 tolleremoles?

304 3439 451 3508 Quos
471 3440 584 3510 ego!
603 3471 667 3483 —
686 3441 786 3495 Sed
807 3452 1187 3524 motos‘praestat
1209 3462 1514 3514 componere
1534 3445 1736 3497 fluctus.
1803 3441 1967 3497 Vmor.
