2520 4211
981 365 1026 455 ·(
1062 367 1158 476 ¹75
1207 367 1232 454 )

290 492 621 580 Ingentesque
635 512 811 575 juvant
829 511 1046 578 iugentia
1072 527 1085 560 :
1111 523 1286 561 cuncta
1306 513 1547 579 gigantem

289 603 440 649 Vasta
461 600 658 659 decent,
678 599 847 649 vultus
865 602 1103 649 immanes
1117 635 1133 664 ,
1152 612 1353 668 pectora
1375 602 1503 665 lata,

291 690 351 736 Et
368 690 532 754 magni
555 687 894 737 membrorum
913 700 1049 738 artus
1062 723 1077 750 ,
1101 706 1272 756 magna
1294 705 1401 739 ossa
1416 725 1429 749 ‚
1451 689 1723 757 lacertique
1737 689 1784 760 (ι
1798 694 1867 756 a).

361 780 431 827 At
453 793 588 825 mora
609 778 649 827 si
673 778 821 826 fuerit
839 777 1018 826 damno
1033 812 1048 840 ,
1071 794 1339 843 properare
1355 778 1543 841 jubebo
1572 796 1584 825 ε

293 865 348 913 Si
365 882 416 914 se
439 866 567 915 forte
586 865 705 915 cava
724 851 958 915 extulerit
975 866 1102 915 mala
1124 868 1293 933 vipera
1314 866 1470 930 terra,
1882 850 1934 873 θ

288 953 430 1003 Tolle
453 970 640 1013 moras,
663 970 784 1019 cape
806 970 919 1003 saxa
945 971 1097 1004 manu
1112 987 1127 1013 ‚
1149 968 1270 1021 cape
1292 955 1472 1004 robora
1494 967 1681 1021 pastor,

291 1046 427 1091 Ferte
446 1044 532 1092 citi
550 1029 769 1091 flammas
783 1076 811 1104 ,ν
824 1043 933 1092 date
953 1039 1045 1092 tela
1058 1075 1073 1102 ,
1098 1036 1323 1108 repellite
1342 1044 1527 1109 pestem
1548 1044 1596 1110 (r
1610 1044 1679 1109 3).

270 1188 271 1191 ,
362 1134 473 1197 Ipse
495 1133 642 1181 etiam
670 1149 839 1182 versus
863 1143 999 1196 ruat,
1024 1133 1077 1181 in
1097 1120 1412 1198 praecepsque
1433 1133 1643 1190 feratur,

288 1223 536 1270 Immenso
563 1238 677 1273 cum
698 1221 1008 1287 praecipitans
1029 1221 1128 1270 ruit
1147 1223 1351 1273 Oceano
1372 1237 1507 1281 nox,

289 1311 398 1359 Aut
415 1325 528 1359 cum
547 1310 806 1376 perculsus
825 1310 1042 1376 graviter
1059 1309 1343 1374 procumbit
1362 1310 1504 1358 humi
1524 1308 1620 1358 bos
1639 1307 1659 1372 (
1668 1309 1771 1374 ια).

360 1399 587 1463 Cumque
610 1399 757 1446 etiam
777 1400 974 1464 requies
994 1398 1140 1447 rebus
1158 1399 1325 1459 datur,
1350 1395 1382 1466 u
1403 1399 1508 1465 ipsa
1530 1413 1738 1464 quoqne
1760 1397 1892 1446 ultro

287 1478 512 1534 Carmina
535 1486 788 1552 paulisper
805 1503 957 1536 cursu
980 1503 1165 1537 cessare
1182 1486 1378 1536 'videbis

288 1575 348 1622 In
371 1574 533 1623 medio
553 1575 844 1640 interrupta.
875 1573 888 1642 Ι
918 1577 1170 1638 Quietum
1191 1592 1306 1624 cum
1326 1576 1448 1624 freta
1472 1575 1616 1641 ponti
1647 1574 1785 1641 (15),

287 1663 554 1727 Postquam
574 1679 708 1712 aurae
726 1679 936 1728 posuere
951 1659 1010 1730 ,Ἰ
1041 1650 1292 1729 quiescere
1312 1664 1541 1730 protinus
1560 1666 1725 1730 ipsum

191 1804 208 1820 ·
293 1750 507 1800 Cernere
530 1753 647 1811 erit,
669 1752 942 1818 mediisque
965 1754 1175 1818 inceptis
1197 1754 1371 1802 sistere
1391 1770 1606 1804 versum.

293 1839 432 1903 Quid
447 1839 635 1899 dicam,
663 1841 829 1890 senior
848 1858 963 1890 cum
984 1842 1137 1890 telum
1156 1841 1382 1900 imbelle,
1416 1840 1428 1910 Ι
1458 1843 1564 1890 siue
1582 1843 1689 1890 ictu
1708 1840 1819 1906 (16)
1833 1873 1848 1898 ‚

286 1928 543 1977 Invalidus
562 1931 705 1991 Jacit‚
731 1928 757 1996 ΙΙ
779 1940 830 1978 et
853 1929 1054 1991 defectis
1073 1930 1258 1981 viribus
1275 1946 1400 1996 aeger
1427 1931 1472 1994 (1
1486 1930 1572 1997 7)?

289 2017 419 2080 Nam
437 2034 639 2083 quoque
658 2029 765 2067 tum
791 2035 962 2071 versus
982 2019 1119 2083 segni
1138 2019 1323 2097 pariter
1343 2017 1467 2083 pede
1486 2018 1681 2082 languet
1706 2018 1834 2083 (18).

288 2110 484 2155 Fortem
502 2116 666 2156 autem
682 2104 916 2169 juvenem
934 2107 1101 2156 deceat
1127 2123 1452 2178 prorumpere
1473 2107 1525 2155 in
1549 2122 1681 2155 arces
1697 2111 1712 2166 ,'

290 2196 539 2245 Evertisse
556 2195 764 2256 domos,
785 2197 1123 2263 perfractaque
1144 2198 1170 2267 Η
1193 2196 1658 2263 quadrupedantum

290 2285 494 2332 Pectora
518 2284 804 2348 pectoribus
824 2301 1170 2350 perrumpere,
1195 2284 1220 2353 ΙΙ
1243 2295 1457 2333 sternere
1486 2295 1646 2332 turres

291 2375 519 2437 Ingentes
534 2407 549 2432 ‚
570 2384 775 2438 totoque
794 2357 951 2421 ferum
974 2374 1092 2438 dare
1114 2371 1139 2442 Η
1161 2374 1332 2424 funera
1352 2389 1527 2440 campo
1549 2372 1677 2440 (19).

216 2568 227 2576 .
281 2590 375 2643 (ια)
412 2585 554 2632 Verba
585 2588 853 2649 ponderosa,
883 2591 1093 2638 elisiones
1121 2592 1343 2654 grandes,
1369 2607 1527 2639 versus
1556 2589 1850 2654 hypermeoer
1880 2590 2001 2636 ultra

217 2679 476 2711 mensuram
495 2682 775 2727 procurrens.

284 2748 376 2802 (13)
409 2742 553 2792 Verba
571 2747 740 2808 exigua
757 2757 803 2792 et
821 2747 1117 2809 properantia,
1135 2749 1337 2811 egregi&
1353 2764 1550 2803 caesurae,
1570 2750 1800 2797 ferventes
1814 2748 2002 2808 dactyli.

282 2829 376 2882 (14)
409 2824 716 2887 Depositiones
736 2827 1059 2888 monosyllabae
1074 2828 1437 2900 elegantissimae.

282 2913 376 2967 (15)
411 2910 495 2957 Pro
514 2922 567 2957 ut
589 2911 682 2958 fert
699 2911 766 2958 rei
786 2923 969 2966 natura,
992 2912 1168 2970 numeri
1189 2912 1455 2976 interruptio
1481 2912 1559 2958 vel
1588 2899 1767 2974 longior
1787 2912 1813 2971 ΙΙ
1835 2922 1905 2958 est
1925 2912 2002 2957 vel

212 2989 459 3053 hrevior31
485 2990 609 3038 illam
630 3002 791 3041 vocant
818 3008 1054 3039 numerum
1081 2993 1329 3047 concisum,
1356 2990 1474 3040 hanc
1500 3007 1610 3038 vero
1636 3006 1872 3038 numerum
1900 3007 2000 3037 sus·

212 3085 425 3132 pensum.
1631 3081 1634 3084 ’

280 3154 376 3208 (16)
408 3149 694 3214 Languentes
713 3152 935 3201 elisiones.

281 3235 323 3288 (ι
333 3234 376 3290 7)
408 3229 623 3278 Defectus
637 3247 908 3279 caesurarum
924 3231 1088 3294 optime
1107 3230 1367 3304 significans
1387 3232 1614 3280 defectum
1625 3230 1803 3276 virium.

276 3315 374 3372 (18)
409 3309 586 3358 Caesura
597 3310 643 3357 in
659 3312 814 3373 quinto
831 3312 943 3374 pede
961 3322 1009 3359 et
1023 3312 1299 3374 subsequens
1315 3309 1609 3375 Pyrrhichius
1626 3310 1819 3358 multum
1836 3308 2003 3356 habent
2081 3305 2087 3310 ’
2108 3279 2113 3286 Ι
2174 3359 2177 3366 ,

209 3389 473 3452 elegantiae.

279 3476 320 3528 (ι
330 3475 374 3530 9)
410 3468 591 3519 Litterae
610 3441 779 3542 asperae
797 3484 843 3520 et
861 3488 993 3522 voces
1008 3474 1307 3538 tumultuosae.
