<?xml version="1.0" encoding="UTF-8"?>
<!DOCTYPE html PUBLIC "-//W3C//DTD XHTML 1.0 Transitional//EN"
    "http://www.w3.org/TR/xhtml1/DTD/xhtml1-transitional.dtd">
<html xmlns="http://www.w3.org/1999/xhtml" xml:lang="en" lang="en">
 <head>
  <title>
</title>
<meta http-equiv="Content-Type" content="text/html;charset=utf-8" />
  <meta name='ocr-system' content='tesseract 3.04.00' />
  <meta name='ocr-capabilities' content='ocr_page ocr_carea ocr_par ocr_line ocrx_word'/>
</head>
<body>
  <div class='ocr_page' id='page_1' title='image "./manualepoeticum00kerzgoog_0161.png"; bbox 0 0 2520 4211; ppageno 0'>
   <div class='ocr_carea' id='block_1_1' title="bbox 957 301 1228 395">
    <p class='ocr_par' dir='ltr' id='par_1_1' title="bbox 957 301 1228 395">
     <span class='ocr_line' id='line_1_1' title="bbox 957 301 1228 395; baseline -0.018 0"><span class='ocrx_word' id='word_1_1' title='bbox 957 303 983 395; x_wconf 95' lang='lat'>(</span> <span class='ocrx_word' id='word_1_2' title='bbox 1035 303 1156 391; x_wconf 77' lang='grc' dir='ltr'><strong>ι49</strong></span> <span class='ocrx_word' id='word_1_3' title='bbox 1201 301 1228 390; x_wconf 88' lang='grc'>)</span> 
     </span>
    </p>
   </div>
   <div class='ocr_carea' id='block_1_2' title="bbox 342 421 1782 686">
    <p class='ocr_par' dir='ltr' id='par_1_2' title="bbox 342 421 1782 686">
     <span class='ocr_line' id='line_1_2' title="bbox 342 421 1485 514; baseline -0.009 -14"><span class='ocrx_word' id='word_1_4' title='bbox 342 448 488 501; x_wconf 82' lang='lat' dir='ltr'><strong>Intus</strong></span> <span class='ocrx_word' id='word_1_5' title='bbox 511 463 655 514; x_wconf 81' lang='lat' dir='ltr'><strong>aquae</strong></span> <span class='ocrx_word' id='word_1_6' title='bbox 675 443 847 496; x_wconf 84' lang='lat' dir='ltr'><strong>dulces</strong></span> <span class='ocrx_word' id='word_1_7' title='bbox 862 480 878 508; x_wconf 90' lang='lat'><strong>,</strong></span> <span class='ocrx_word' id='word_1_8' title='bbox 897 443 1123 509; x_wconf 81' lang='lat' dir='ltr'><strong>vivoque</strong></span> <span class='ocrx_word' id='word_1_9' title='bbox 1141 440 1317 492; x_wconf 87' lang='lat' dir='ltr'><strong>sedilia</strong></span> <span class='ocrx_word' id='word_1_10' title='bbox 1336 421 1485 505; x_wconf 75' lang='lat' dir='ltr'><strong>saxo;</strong></span> 
     </span>
     <span class='ocr_line' id='line_1_3' title="bbox 344 523 1782 600; baseline -0.006 -16"><span class='ocrx_word' id='word_1_11' title='bbox 344 530 712 600; x_wconf 83' lang='lat' dir='ltr'><strong>Nympharum</strong></span> <span class='ocrx_word' id='word_1_12' title='bbox 729 530 924 580; x_wconf 86' lang='lat' dir='ltr'><strong>domus.</strong></span> <span class='ocrx_word' id='word_1_13' title='bbox 946 526 1050 579; x_wconf 77' lang='lat' dir='ltr'><strong>Hic</strong></span> <span class='ocrx_word' id='word_1_14' title='bbox 1068 526 1218 590; x_wconf 78' lang='lat' dir='ltr'><strong>fessas</strong></span> <span class='ocrx_word' id='word_1_15' title='bbox 1236 541 1343 577; x_wconf 88' lang='lat' dir='ltr'><strong>non</strong></span> <span class='ocrx_word' id='word_1_16' title='bbox 1363 523 1570 575; x_wconf 79' lang='lat' dir='ltr'><strong>vincula</strong></span> <span class='ocrx_word' id='word_1_17' title='bbox 1587 539 1744 575; x_wconf 77' lang='lat' dir='ltr'><strong>naves</strong></span> <span class='ocrx_word' id='word_1_18' title='bbox 1773 593 1782 597; x_wconf 16' lang='grc' dir='ltr'><strong>β</strong></span> 
     </span>
     <span class='ocr_line' id='line_1_4' title="bbox 342 610 1575 686; baseline -0.006 -19"><span class='ocrx_word' id='word_1_19' title='bbox 342 613 461 668; x_wconf 76' lang='lat' dir='ltr'><strong>Ulla</strong></span> <span class='ocrx_word' id='word_1_20' title='bbox 478 621 678 679; x_wconf 82' lang='lat' dir='ltr'><strong>tenent,</strong></span> <span class='ocrx_word' id='word_1_21' title='bbox 706 629 840 663; x_wconf 86' lang='lat' dir='ltr'><strong>unco</strong></span> <span class='ocrx_word' id='word_1_22' title='bbox 858 628 964 662; x_wconf 85' lang='lat' dir='ltr'><strong>non</strong></span> <span class='ocrx_word' id='word_1_23' title='bbox 986 610 1160 677; x_wconf 76' lang='lat' dir='ltr'><strong>alligat</strong></span> <span class='ocrx_word' id='word_1_24' title='bbox 1178 626 1361 686; x_wconf 81' lang='lat' dir='ltr'><strong>ancora</strong></span> <span class='ocrx_word' id='word_1_25' title='bbox 1384 624 1575 659; x_wconf 86' lang='lat' dir='ltr'><strong>morsu.</strong></span> 
     </span>
    </p>
   </div>
   <div class='ocr_carea' id='block_1_3' title="bbox 204 755 1980 1623">
    <p class='ocr_par' dir='ltr' id='par_1_3' title="bbox 204 755 1980 1623">
     <span class='ocr_line' id='line_1_5' title="bbox 240 755 1974 849; baseline -0.006 -15"><span class='ocrx_word' id='word_1_26' title='bbox 240 819 243 820; x_wconf 19' lang='grc' dir='ltr'><em>ν</em></span> <span class='ocrx_word' id='word_1_27' title='bbox 289 769 496 833; x_wconf 83' lang='lat' dir='ltr'><strong>Solent</strong></span> <span class='ocrx_word' id='word_1_28' title='bbox 533 768 707 830; x_wconf 88' lang='lat' dir='ltr'><strong>etiam</strong></span> <span class='ocrx_word' id='word_1_29' title='bbox 749 766 957 849; x_wconf 64' lang='lat' dir='ltr'><strong>poetae,</strong></span> <span class='ocrx_word' id='word_1_30' title='bbox 1001 762 1145 823; x_wconf 88' lang='lat' dir='ltr'><strong>dum</strong></span> <span class='ocrx_word' id='word_1_31' title='bbox 1185 763 1451 838; x_wconf 78' lang='lat' dir='ltr'><strong>virtutes,</strong></span> <span class='ocrx_word' id='word_1_32' title='bbox 1491 759 1663 840; x_wconf 77' lang='lat' dir='ltr'><strong>vitia,</strong></span> <span class='ocrx_word' id='word_1_33' title='bbox 1711 755 1974 838; x_wconf 87' lang='lat' dir='ltr'><strong>morbos,</strong></span> 
     </span>
     <span class='ocr_line' id='line_1_6' title="bbox 207 858 1978 950; baseline -0.005 -21"><span class='ocrx_word' id='word_1_34' title='bbox 207 867 467 950; x_wconf 85' lang='lat' dir='ltr'><strong>aliasque</strong></span> <span class='ocrx_word' id='word_1_35' title='bbox 502 862 665 925; x_wconf 89' lang='lat' dir='ltr'><strong>fictas</strong></span> <span class='ocrx_word' id='word_1_36' title='bbox 699 881 970 944; x_wconf 82' lang='lat' dir='ltr'><strong>personas</strong></span> <span class='ocrx_word' id='word_1_37' title='bbox 1005 858 1375 932; x_wconf 89' lang='lat' dir='ltr'><strong>describunt,</strong></span> <span class='ocrx_word' id='word_1_38' title='bbox 1413 858 1650 940; x_wconf 83' lang='lat' dir='ltr'>pingere</span> <span class='ocrx_word' id='word_1_39' title='bbox 1683 859 1883 921; x_wconf 86' lang='lat' dir='ltr'><strong>domos</strong></span> <span class='ocrx_word' id='word_1_40' title='bbox 1920 870 1978 921; x_wconf 89' lang='lat' dir='ltr'><strong>et</strong></span> 
     </span>
     <span class='ocr_line' id='line_1_7' title="bbox 208 953 1976 1045; baseline -0.007 -19"><span class='ocrx_word' id='word_1_41' title='bbox 208 963 471 1045; x_wconf 61' lang='lat' dir='ltr'><strong>regiones</strong></span> <span class='ocrx_word' id='word_1_42' title='bbox 499 981 643 1043; x_wconf 84' lang='lat' dir='ltr'><strong>quas</strong></span> <span class='ocrx_word' id='word_1_43' title='bbox 674 956 976 1033; x_wconf 87' lang='lat' dir='ltr'><strong>incolunt,</strong></span> <span class='ocrx_word' id='word_1_44' title='bbox 1013 956 1143 1016; x_wconf 88' lang='lat' dir='ltr'><strong>loco</strong></span> <span class='ocrx_word' id='word_1_45' title='bbox 1182 953 1502 1016; x_wconf 83' lang='lat' dir='ltr'><strong>tribuentes</strong></span> <span class='ocrx_word' id='word_1_46' title='bbox 1536 953 1739 1026; x_wconf 83' lang='lat' dir='ltr'><strong>effecta</strong></span> <span class='ocrx_word' id='word_1_47' title='bbox 1773 967 1831 1017; x_wconf 90' lang='lat' dir='ltr'><strong>et</strong></span> <span class='ocrx_word' id='word_1_48' title='bbox 1868 957 1976 1020; x_wconf 77' lang='lat' dir='ltr'><strong>ad-</strong></span> 
     </span>
     <span class='ocr_line' id='line_1_8' title="bbox 204 1052 1980 1142; baseline -0.003 -21"><span class='ocrx_word' id='word_1_49' title='bbox 204 1061 417 1142; x_wconf 77' lang='lat' dir='ltr'><strong>juncta</strong></span> <span class='ocrx_word' id='word_1_50' title='bbox 455 1058 632 1141; x_wconf 83' lang='lat' dir='ltr'><strong>ipsius</strong></span> <span class='ocrx_word' id='word_1_51' title='bbox 667 1075 914 1138; x_wconf 75' lang='lat' dir='ltr'><strong>personae</strong></span> <span class='ocrx_word' id='word_1_52' title='bbox 951 1052 1123 1116; x_wconf 85' lang='lat' dir='ltr'><strong>fictae.</strong></span> <span class='ocrx_word' id='word_1_53' title='bbox 1157 1053 1217 1113; x_wconf 91' lang='lat' dir='ltr'><strong>Si</strong></span> <span class='ocrx_word' id='word_1_54' title='bbox 1253 1074 1348 1113; x_wconf 87' lang='lat' dir='ltr'><strong>ex.</strong></span> <span class='ocrx_word' id='word_1_55' title='bbox 1384 1073 1474 1133; x_wconf 86' lang='lat' dir='ltr'><strong>gr.</strong></span> <span class='ocrx_word' id='word_1_56' title='bbox 1501 1052 1658 1114; x_wconf 89' lang='lat' dir='ltr'><strong>sedes</strong></span> <span class='ocrx_word' id='word_1_57' title='bbox 1687 1054 1881 1117; x_wconf 82' lang='lat' dir='ltr'><strong>Famis</strong></span> <span class='ocrx_word' id='word_1_58' title='bbox 1905 1055 1980 1116; x_wconf 89' lang='lat' dir='ltr'><strong>sit</strong></span> 
     </span>
     <span class='ocr_line' id='line_1_9' title="bbox 210 1149 1979 1235; baseline -0.005 -15"><span class='ocrx_word' id='word_1_59' title='bbox 210 1156 608 1229; x_wconf 80' lang='lat' dir='ltr'><strong>describenda,</strong></span> <span class='ocrx_word' id='word_1_60' title='bbox 637 1152 896 1235; x_wconf 84' lang='lat' dir='ltr'><strong>fingatur</strong></span> <span class='ocrx_word' id='word_1_61' title='bbox 915 1150 1020 1213; x_wconf 87' lang='lat' dir='ltr'><strong>sita</strong></span> <span class='ocrx_word' id='word_1_62' title='bbox 1042 1152 1109 1211; x_wconf 91' lang='lat' dir='ltr'><strong>in</strong></span> <span class='ocrx_word' id='word_1_63' title='bbox 1135 1150 1409 1211; x_wconf 86' lang='lat' dir='ltr'><strong>extremis</strong></span> <span class='ocrx_word' id='word_1_64' title='bbox 1428 1149 1544 1220; x_wconf 82' lang='lat' dir='ltr'><strong>oris</strong></span> <span class='ocrx_word' id='word_1_65' title='bbox 1564 1149 1824 1233; x_wconf 71' lang='lat' dir='ltr'><strong>Scythias</strong></span> <span class='ocrx_word' id='word_1_66' title='bbox 1846 1151 1979 1233; x_wconf 81' lang='lat' dir='ltr'><strong>gla-</strong></span> 
     </span>
     <span class='ocr_line' id='line_1_10' title="bbox 210 1246 1978 1330; baseline -0.004 -12"><span class='ocrx_word' id='word_1_67' title='bbox 210 1254 401 1330; x_wconf 86' lang='lat' dir='ltr'><strong>cialis,</strong></span> <span class='ocrx_word' id='word_1_68' title='bbox 437 1252 627 1329; x_wconf 82' lang='lat' dir='ltr'><strong>solum</strong></span> <span class='ocrx_word' id='word_1_69' title='bbox 649 1252 836 1322; x_wconf 86' lang='lat' dir='ltr'><strong>triste,</strong></span> <span class='ocrx_word' id='word_1_70' title='bbox 859 1249 1031 1309; x_wconf 88' lang='lat' dir='ltr'><strong>tellus</strong></span> <span class='ocrx_word' id='word_1_71' title='bbox 1049 1248 1252 1322; x_wconf 77' lang='lat' dir='ltr'><strong>sterilis</strong></span> <span class='ocrx_word' id='word_1_72' title='bbox 1280 1258 1339 1307; x_wconf 90' lang='lat' dir='ltr'><strong>et</strong></span> <span class='ocrx_word' id='word_1_73' title='bbox 1358 1246 1641 1329; x_wconf 86' lang='lat' dir='ltr'><strong>lapidosa,</strong></span> <span class='ocrx_word' id='word_1_74' title='bbox 1664 1248 1787 1309; x_wconf 89' lang='lat' dir='ltr'><strong>sine</strong></span> <span class='ocrx_word' id='word_1_75' title='bbox 1809 1247 1978 1329; x_wconf 84' lang='lat' dir='ltr'><strong>fruge</strong></span> 
     </span>
     <span class='ocr_line' id='line_1_11' title="bbox 210 1343 1974 1427; baseline -0.004 -14"><span class='ocrx_word' id='word_1_76' title='bbox 210 1362 274 1415; x_wconf 86' lang='lat' dir='ltr'><strong>et</strong></span> <span class='ocrx_word' id='word_1_77' title='bbox 301 1345 504 1411; x_wconf 86' lang='lat' dir='ltr'><strong>arbore</strong></span> <span class='ocrx_word' id='word_1_78' title='bbox 533 1372 548 1407; x_wconf 78' lang='lat' dir='ltr'><strong>t</strong></span> <span class='ocrx_word' id='word_1_79' title='bbox 580 1349 627 1408; x_wconf 91' lang='lat' dir='ltr'><strong>si</strong></span> <span class='ocrx_word' id='word_1_80' title='bbox 646 1347 800 1427; x_wconf 81' lang='lat' dir='ltr'><strong>regia</strong></span> <span class='ocrx_word' id='word_1_81' title='bbox 824 1345 978 1406; x_wconf 90' lang='lat' dir='ltr'><strong>Solis</strong></span> <span class='ocrx_word' id='word_1_82' title='bbox 994 1390 1009 1418; x_wconf 89' lang='lat'><strong>,</strong></span> <span class='ocrx_word' id='word_1_83' title='bbox 1040 1353 1252 1404; x_wconf 85' lang='lat' dir='ltr'><strong>cuneta</strong></span> <span class='ocrx_word' id='word_1_84' title='bbox 1279 1343 1398 1403; x_wconf 85' lang='lat' dir='ltr'><strong>sint</strong></span> <span class='ocrx_word' id='word_1_85' title='bbox 1423 1364 1623 1420; x_wconf 82' lang='lat' dir='ltr'><strong>aurea,</strong></span> <span class='ocrx_word' id='word_1_86' title='bbox 1652 1355 1941 1426; x_wconf 84' lang='lat' dir='ltr'><strong>gemmata</strong></span> <span class='ocrx_word' id='word_1_87' title='bbox 1957 1389 1974 1420; x_wconf 90' lang='lat'><strong>,</strong></span> 
     </span>
     <span class='ocr_line' id='line_1_12' title="bbox 210 1435 1977 1516; baseline -0.004 -6"><span class='ocrx_word' id='word_1_88' title='bbox 210 1446 519 1509; x_wconf 81' lang='lat' dir='ltr'><strong>radiantia.</strong></span> <span class='ocrx_word' id='word_1_89' title='bbox 543 1445 632 1504; x_wconf 83' lang='lat' dir='ltr'><strong>Ita</strong></span> <span class='ocrx_word' id='word_1_90' title='bbox 660 1442 927 1516; x_wconf 83' lang='lat' dir='ltr'><strong>Ovidius,</strong></span> <span class='ocrx_word' id='word_1_91' title='bbox 948 1440 1062 1501; x_wconf 88' lang='lat' dir='ltr'><strong>lib.</strong></span> <span class='ocrx_word' id='word_1_92' title='bbox 1100 1435 1192 1501; x_wconf 70' lang='lat' dir='ltr'><strong>rx.</strong></span> <span class='ocrx_word' id='word_1_93' title='bbox 1225 1443 1466 1502; x_wconf 79' lang='lat' dir='ltr'><strong>Metam.</strong></span> <span class='ocrx_word' id='word_1_94' title='bbox 1500 1442 1977 1504; x_wconf 79' lang='lat' dir='ltr'><strong>convenientissi-</strong></span> 
     </span>
     <span class='ocr_line' id='line_1_13' title="bbox 211 1536 1414 1623; baseline -0.011 -15"><span class='ocrx_word' id='word_1_95' title='bbox 211 1545 323 1607; x_wconf 86' lang='lat' dir='ltr'><strong>mis</strong></span> <span class='ocrx_word' id='word_1_96' title='bbox 346 1542 635 1605; x_wconf 84' lang='lat' dir='ltr'><strong>eoloribus</strong></span> <span class='ocrx_word' id='word_1_97' title='bbox 660 1538 930 1623; x_wconf 81' lang='lat' dir='ltr'><strong>depinxit</strong></span> <span class='ocrx_word' id='word_1_98' title='bbox 953 1536 1145 1598; x_wconf 89' lang='lat' dir='ltr'><strong>aulam</strong></span> <span class='ocrx_word' id='word_1_99' title='bbox 1170 1537 1414 1597; x_wconf 89' lang='lat' dir='ltr'><strong>Somni:</strong></span> 
     </span>
    </p>
   </div>
   <div class='ocr_carea' id='block_1_4' title="bbox 263 1683 1839 3445">
    <p class='ocr_par' dir='ltr' id='par_1_4' title="bbox 263 1683 1788 2270">
     <span class='ocr_line' id='line_1_14' title="bbox 386 1683 1675 1770; baseline -0.001 -17"><span class='ocrx_word' id='word_1_100' title='bbox 386 1685 397 1698; x_wconf 54' lang='lat'><em>⁶</em></span> <span class='ocrx_word' id='word_1_101' title='bbox 417 1703 508 1764; x_wconf 82' lang='lat' dir='ltr'><strong>Est</strong></span> <span class='ocrx_word' id='word_1_102' title='bbox 530 1717 679 1770; x_wconf 82' lang='lat' dir='ltr'><strong>prope</strong></span> <span class='ocrx_word' id='word_1_103' title='bbox 700 1685 1169 1768; x_wconf 70' lang='lat' dir='ltr'><strong>Cimmerios&#39;iongo</strong></span> <span class='ocrx_word' id='word_1_104' title='bbox 1189 1700 1429 1768; x_wconf 84' lang='lat' dir='ltr'><strong>spelunca</strong></span> <span class='ocrx_word' id='word_1_105' title='bbox 1453 1683 1645 1752; x_wconf 83' lang='lat' dir='ltr'><strong>recessu</strong></span> <span class='ocrx_word' id='word_1_106' title='bbox 1659 1739 1675 1764; x_wconf 87' lang='lat'>‚</span> 
     </span>
     <span class='ocr_line' id='line_1_15' title="bbox 348 1775 1788 1856; baseline -0.003 -17"><span class='ocrx_word' id='word_1_107' title='bbox 348 1785 493 1839; x_wconf 79' lang='lat' dir='ltr'><strong>Mons</strong></span> <span class='ocrx_word' id='word_1_108' title='bbox 511 1801 687 1850; x_wconf 85' lang='lat' dir='ltr'><strong>cavus,</strong></span> <span class='ocrx_word' id='word_1_109' title='bbox 709 1784 881 1851; x_wconf 84' lang='lat' dir='ltr'><strong>ignavi</strong></span> <span class='ocrx_word' id='word_1_110' title='bbox 902 1784 1081 1834; x_wconf 87' lang='lat' dir='ltr'><strong>domus</strong></span> <span class='ocrx_word' id='word_1_111' title='bbox 1100 1793 1152 1834; x_wconf 92' lang='lat' dir='ltr'><strong>et</strong></span> <span class='ocrx_word' id='word_1_112' title='bbox 1178 1783 1452 1850; x_wconf 83' lang='lat' dir='ltr'><strong>penetralia</strong></span> <span class='ocrx_word' id='word_1_113' title='bbox 1475 1783 1685 1856; x_wconf 85' lang='lat' dir='ltr'><strong>Somni;</strong></span> <span class='ocrx_word' id='word_1_114' title='bbox 1782 1775 1788 1781; x_wconf 57' lang='grc'><strong><em>’</em></strong></span> 
     </span>
     <span class='ocr_line' id='line_1_16' title="bbox 348 1865 1719 1938; baseline -0.001 -19"><span class='ocrx_word' id='word_1_115' title='bbox 348 1868 470 1936; x_wconf 87' lang='lat' dir='ltr'><strong>Quo</strong></span> <span class='ocrx_word' id='word_1_116' title='bbox 491 1883 760 1933; x_wconf 77' lang='lat' dir='ltr'><strong>nunquam</strong></span> <span class='ocrx_word' id='word_1_117' title='bbox 784 1866 934 1916; x_wconf 80' lang='lat' dir='ltr'><strong>radiis</strong></span> <span class='ocrx_word' id='word_1_118' title='bbox 957 1865 1148 1927; x_wconf 86' lang='lat' dir='ltr'><strong>oriens,</strong></span> <span class='ocrx_word' id='word_1_119' title='bbox 1170 1866 1457 1938; x_wconf 69' lang='lat' dir='ltr'><strong>mediusve,</strong></span> <span class='ocrx_word' id='word_1_120' title='bbox 1476 1868 1719 1918; x_wconf 76' lang='lat' dir='ltr'><strong>cadensve</strong></span> 
     </span>
     <span class='ocr_line' id='line_1_17' title="bbox 348 1947 1574 2018; baseline -0.004 -14"><span class='ocrx_word' id='word_1_121' title='bbox 348 1951 570 2004; x_wconf 84' lang='lat' dir='ltr'><strong>Phoebus</strong></span> <span class='ocrx_word' id='word_1_122' title='bbox 588 1950 922 2018; x_wconf 18' lang='lat' dir='ltr'><strong>adirespotest.</strong></span> <span class='ocrx_word' id='word_1_123' title='bbox 942 1947 1154 1999; x_wconf 73' lang='lat' dir='ltr'><strong>Nebulae</strong></span> <span class='ocrx_word' id='word_1_124' title='bbox 1176 1948 1393 2014; x_wconf 82' lang='lat' dir='ltr'><strong>caligine</strong></span> <span class='ocrx_word' id='word_1_125' title='bbox 1409 1950 1574 2000; x_wconf 75' lang='lat' dir='ltr'><strong>mistae</strong></span> 
     </span>
     <span class='ocr_line' id='line_1_18' title="bbox 263 2033 1647 2100; baseline -0.005 -8"><span class='ocrx_word' id='word_1_126' title='bbox 263 2085 267 2092; x_wconf 33' lang='lat'>1</span> <span class='ocrx_word' id='word_1_127' title='bbox 345 2036 878 2098; x_wconf 69' lang='lat' dir='ltr'><strong>Exhalanturhumo,</strong></span> <span class='ocrx_word' id='word_1_128' title='bbox 904 2033 1168 2099; x_wconf 68' lang='lat' dir='ltr'><strong>dubiaeque</strong></span> <span class='ocrx_word' id='word_1_129' title='bbox 1189 2034 1484 2100; x_wconf 80' lang='lat' dir='ltr'><strong>crepuscula</strong></span> <span class='ocrx_word' id='word_1_130' title='bbox 1501 2034 1647 2085; x_wconf 84' lang='lat' dir='ltr'><strong>lucis.</strong></span> 
     </span>
     <span class='ocr_line' id='line_1_19' title="bbox 348 2108 1407 2189; baseline -0.003 -19"><span class='ocrx_word' id='word_1_131' title='bbox 348 2122 471 2176; x_wconf 81' lang='lat' dir='ltr'><strong>Non</strong></span> <span class='ocrx_word' id='word_1_132' title='bbox 487 2121 611 2189; x_wconf 80' lang='lat' dir='ltr'><strong>vigil</strong></span> <span class='ocrx_word' id='word_1_133' title='bbox 629 2120 730 2171; x_wconf 82' lang='lat' dir='ltr'><strong>ales</strong></span> <span class='ocrx_word' id='word_1_134' title='bbox 749 2120 821 2170; x_wconf 89' lang='lat' dir='ltr'><strong>ibi</strong></span> <span class='ocrx_word' id='word_1_135' title='bbox 840 2119 1033 2171; x_wconf 75' lang='lat' dir='ltr'><strong>cristati</strong></span> <span class='ocrx_word' id='word_1_136' title='bbox 1050 2108 1288 2169; x_wconf 80' lang='lat' dir='ltr'><strong>cantibus</strong></span> <span class='ocrx_word' id='word_1_137' title='bbox 1306 2118 1407 2167; x_wconf 85' lang='lat' dir='ltr'><strong>oris</strong></span> 
     </span>
     <span class='ocr_line' id='line_1_20' title="bbox 348 2202 1605 2270; baseline -0.004 -12"><span class='ocrx_word' id='word_1_138' title='bbox 348 2205 538 2258; x_wconf 86' lang='lat' dir='ltr'><strong>Evocat</strong></span> <span class='ocrx_word' id='word_1_139' title='bbox 560 2203 816 2256; x_wconf 77' lang='lat' dir='ltr'><strong>Auroram</strong></span> <span class='ocrx_word' id='word_1_140' title='bbox 833 2241 846 2267; x_wconf 85' lang='lat'>‚</span> <span class='ocrx_word' id='word_1_141' title='bbox 871 2221 968 2254; x_wconf 87' lang='lat' dir='ltr'><strong>nec</strong></span> <span class='ocrx_word' id='word_1_142' title='bbox 988 2220 1109 2254; x_wconf 80' lang='lat' dir='ltr'><strong>voce</strong></span> <span class='ocrx_word' id='word_1_143' title='bbox 1131 2202 1334 2253; x_wconf 80' lang='lat' dir='ltr'><strong>silentia</strong></span> <span class='ocrx_word' id='word_1_144' title='bbox 1353 2209 1605 2270; x_wconf 85' lang='lat' dir='ltr'><strong>rumpunt</strong></span> 
     </span>
    </p>

    <p class='ocr_par' dir='ltr' id='par_1_5' title="bbox 307 2287 1691 2523">
     <span class='ocr_line' id='line_1_21' title="bbox 307 2287 1580 2360; baseline -0.002 -18"><span class='ocrx_word' id='word_1_145' title='bbox 307 2354 313 2360; x_wconf 92' lang='lat'><strong>.</strong></span> <span class='ocrx_word' id='word_1_146' title='bbox 351 2289 637 2344; x_wconf 78' lang='lat' dir='ltr'><strong>sollicitive</strong></span> <span class='ocrx_word' id='word_1_147' title='bbox 658 2304 832 2352; x_wconf 71' lang='lat' dir='ltr'><strong>cauea,</strong></span> <span class='ocrx_word' id='word_1_148' title='bbox 860 2288 1135 2338; x_wconf 80' lang='lat' dir='ltr'><strong>canibusve</strong></span> <span class='ocrx_word' id='word_1_149' title='bbox 1152 2287 1373 2354; x_wconf 83' lang='lat' dir='ltr'><strong>sagacior</strong></span> <span class='ocrx_word' id='word_1_150' title='bbox 1396 2303 1544 2337; x_wconf 85' lang='lat' dir='ltr'><strong>anser</strong></span> <span class='ocrx_word' id='word_1_151' title='bbox 1567 2307 1580 2339; x_wconf 72' lang='grc' dir='ltr'><strong><em>ε</em></strong></span> 
     </span>
     <span class='ocr_line' id='line_1_22' title="bbox 349 2369 1691 2439; baseline 0 -16"><span class='ocrx_word' id='word_1_152' title='bbox 349 2373 465 2428; x_wconf 88' lang='lat' dir='ltr'><strong>Non</strong></span> <span class='ocrx_word' id='word_1_153' title='bbox 489 2372 594 2422; x_wconf 86' lang='lat' dir='ltr'><strong>fera</strong></span> <span class='ocrx_word' id='word_1_154' title='bbox 612 2409 627 2435; x_wconf 90' lang='lat'>‚</span> <span class='ocrx_word' id='word_1_155' title='bbox 644 2388 748 2422; x_wconf 86' lang='lat' dir='ltr'><strong>non</strong></span> <span class='ocrx_word' id='word_1_156' title='bbox 770 2372 1007 2439; x_wconf 87' lang='lat' dir='ltr'><strong>pecudes,</strong></span> <span class='ocrx_word' id='word_1_157' title='bbox 1033 2387 1138 2420; x_wconf 90' lang='lat' dir='ltr'><strong>non</strong></span> <span class='ocrx_word' id='word_1_158' title='bbox 1161 2370 1290 2420; x_wconf 82' lang='lat' dir='ltr'><strong>moti</strong></span> <span class='ocrx_word' id='word_1_159' title='bbox 1309 2369 1517 2421; x_wconf 86' lang='lat' dir='ltr'><strong>flamine</strong></span> <span class='ocrx_word' id='word_1_160' title='bbox 1537 2372 1691 2437; x_wconf 83' lang='lat' dir='ltr'><strong>rami,</strong></span> 
     </span>
     <span class='ocr_line' id='line_1_23' title="bbox 348 2453 1658 2523; baseline -0.003 -12"><span class='ocrx_word' id='word_1_161' title='bbox 348 2456 672 2511; x_wconf 78' lang='lat' dir='ltr'><strong>Humanaeve</strong></span> <span class='ocrx_word' id='word_1_162' title='bbox 687 2468 873 2505; x_wconf 85' lang='lat' dir='ltr'><strong>sonum</strong></span> <span class='ocrx_word' id='word_1_163' title='bbox 892 2454 1114 2505; x_wconf 86' lang='lat' dir='ltr'><strong>reddunt</strong></span> <span class='ocrx_word' id='word_1_164' title='bbox 1132 2453 1362 2505; x_wconf 79' lang='lat' dir='ltr'><strong>convicia</strong></span> <span class='ocrx_word' id='word_1_165' title='bbox 1378 2454 1583 2523; x_wconf 66' lang='lat' dir='ltr'><strong>lingue.</strong></span> <span class='ocrx_word' id='word_1_166' title='bbox 1653 2456 1658 2461; x_wconf 82' lang='grc'><strong><em>’</em></strong></span> 
     </span>
    </p>

    <p class='ocr_par' dir='ltr' id='par_1_6' title="bbox 310 2538 1839 3106">
     <span class='ocr_line' id='line_1_24' title="bbox 310 2538 1584 2609; baseline -0.005 -13"><span class='ocrx_word' id='word_1_167' title='bbox 310 2548 315 2551; x_wconf 86' lang='grc'><em>’</em></span> <span class='ocrx_word' id='word_1_168' title='bbox 349 2542 494 2596; x_wconf 78' lang='lat' dir='ltr'><strong>Muta</strong></span> <span class='ocrx_word' id='word_1_169' title='bbox 511 2541 657 2608; x_wconf 87' lang='lat' dir='ltr'><strong>quies</strong></span> <span class='ocrx_word' id='word_1_170' title='bbox 679 2539 891 2591; x_wconf 73' lang='lat' dir='ltr'><strong>habitat.</strong></span> <span class='ocrx_word' id='word_1_171' title='bbox 912 2538 1048 2589; x_wconf 83' lang='lat' dir='ltr'><strong>Saxo</strong></span> <span class='ocrx_word' id='word_1_172' title='bbox 1064 2547 1241 2609; x_wconf 71' lang='lat' dir='ltr'><strong>tamen</strong></span> <span class='ocrx_word' id='word_1_173' title='bbox 1265 2540 1376 2591; x_wconf 75' lang='lat' dir='ltr'><strong>exit</strong></span> <span class='ocrx_word' id='word_1_174' title='bbox 1393 2540 1457 2590; x_wconf 91' lang='lat' dir='ltr'><strong>ab</strong></span> <span class='ocrx_word' id='word_1_175' title='bbox 1478 2540 1584 2591; x_wconf 85' lang='lat' dir='ltr'><strong>imo</strong></span> 
     </span>
     <span class='ocr_line' id='line_1_25' title="bbox 352 2623 1839 2692; baseline -0.001 -15"><span class='ocrx_word' id='word_1_176' title='bbox 352 2625 519 2678; x_wconf 82' lang='lat' dir='ltr'><strong>Rivus</strong></span> <span class='ocrx_word' id='word_1_177' title='bbox 540 2642 684 2692; x_wconf 81' lang='lat' dir='ltr'><strong>aquae</strong></span> <span class='ocrx_word' id='word_1_178' title='bbox 706 2623 921 2688; x_wconf 86' lang='lat' dir='ltr'><strong>Lethes,</strong></span> <span class='ocrx_word' id='word_1_179' title='bbox 946 2637 1035 2690; x_wconf 91' lang='lat' dir='ltr'><strong>per</strong></span> <span class='ocrx_word' id='word_1_180' title='bbox 1055 2638 1210 2688; x_wconf 85' lang='lat' dir='ltr'><strong>quem</strong></span> <span class='ocrx_word' id='word_1_181' title='bbox 1229 2639 1350 2673; x_wconf 87' lang='lat' dir='ltr'><strong>cum</strong></span> <span class='ocrx_word' id='word_1_182' title='bbox 1367 2636 1646 2674; x_wconf 80' lang='lat' dir='ltr'><strong>&#39;murmure</strong></span> <span class='ocrx_word' id='word_1_183' title='bbox 1666 2623 1839 2677; x_wconf 68' lang='lat' dir='ltr'><strong>laben·</strong></span> 
     </span>
     <span class='ocr_line' id='line_1_26' title="bbox 349 2703 1642 2778; baseline -0.008 -15"><span class='ocrx_word' id='word_1_184' title='bbox 349 2710 544 2763; x_wconf 73' lang='lat' dir='ltr'><strong>Invitat</strong></span> <span class='ocrx_word' id='word_1_185' title='bbox 561 2725 760 2759; x_wconf 88' lang='lat' dir='ltr'><strong>somnos</strong></span> <span class='ocrx_word' id='word_1_186' title='bbox 778 2705 1144 2774; x_wconf 77' lang='lat' dir='ltr'><strong>crepitantibus</strong></span> <span class='ocrx_word' id='word_1_187' title='bbox 1163 2706 1300 2755; x_wconf 73' lang='lat' dir='ltr'><strong>unda</strong></span> <span class='ocrx_word' id='word_1_188' title='bbox 1322 2703 1528 2773; x_wconf 84' lang='lat' dir='ltr'><strong>lapillis.</strong></span> <span class='ocrx_word' id='word_1_189' title='bbox 1624 2769 1642 2778; x_wconf 29' lang='grc' dir='ltr'><strong><em>ύ</em></strong></span> 
     </span>
     <span class='ocr_line' id='line_1_27' title="bbox 352 2789 1690 2859; baseline -0.004 -15"><span class='ocrx_word' id='word_1_190' title='bbox 352 2792 493 2845; x_wconf 85' lang='lat' dir='ltr'><strong>Ante</strong></span> <span class='ocrx_word' id='word_1_191' title='bbox 512 2791 642 2842; x_wconf 84' lang='lat' dir='ltr'><strong>fores</strong></span> <span class='ocrx_word' id='word_1_192' title='bbox 663 2791 798 2841; x_wconf 89' lang='lat' dir='ltr'><strong>antri</strong></span> <span class='ocrx_word' id='word_1_193' title='bbox 821 2790 1052 2859; x_wconf 74' lang='lat' dir='ltr'><strong>foecunda</strong></span> <span class='ocrx_word' id='word_1_194' title='bbox 1079 2804 1321 2858; x_wconf 75' lang='lat' dir='ltr'><strong>papavera</strong></span> <span class='ocrx_word' id='word_1_195' title='bbox 1342 2789 1551 2852; x_wconf 85' lang='lat' dir='ltr'><strong>florent,</strong></span> <span class='ocrx_word' id='word_1_196' title='bbox 1685 2848 1690 2853; x_wconf 14' lang='grc' dir='ltr'><strong>ῃ</strong></span> 
     </span>
     <span class='ocr_line' id='line_1_28' title="bbox 353 2872 1695 2942; baseline -0.004 -14"><span class='ocrx_word' id='word_1_197' title='bbox 353 2876 748 2942; x_wconf 64' lang='lat' dir='ltr'><strong>Innumeraeque</strong></span> <span class='ocrx_word' id='word_1_198' title='bbox 768 2876 962 2940; x_wconf 81' lang='lat' dir='ltr'><strong>herbae‚</strong></span> <span class='ocrx_word' id='word_1_199' title='bbox 988 2889 1211 2942; x_wconf 82' lang='lat' dir='ltr'><strong>quarum</strong></span> <span class='ocrx_word' id='word_1_200' title='bbox 1235 2874 1297 2924; x_wconf 90' lang='lat' dir='ltr'><strong>de</strong></span> <span class='ocrx_word' id='word_1_201' title='bbox 1317 2872 1447 2923; x_wconf 86' lang='lat' dir='ltr'><strong>lacte</strong></span> <span class='ocrx_word' id='word_1_202' title='bbox 1464 2889 1695 2940; x_wconf 83' lang='lat' dir='ltr'><strong>soporem</strong></span> 
     </span>
     <span class='ocr_line' id='line_1_29' title="bbox 350 2957 1659 3027; baseline -0.003 -14"><span class='ocrx_word' id='word_1_203' title='bbox 350 2958 470 3013; x_wconf 81' lang='lat' dir='ltr'><strong>Nox</strong></span> <span class='ocrx_word' id='word_1_204' title='bbox 493 2960 633 3026; x_wconf 85' lang='lat' dir='ltr'><strong>legit,</strong></span> <span class='ocrx_word' id='word_1_205' title='bbox 660 2967 712 3011; x_wconf 90' lang='lat' dir='ltr'><strong>et</strong></span> <span class='ocrx_word' id='word_1_206' title='bbox 734 2957 921 3026; x_wconf 85' lang='lat' dir='ltr'><strong>spargit</strong></span> <span class='ocrx_word' id='word_1_207' title='bbox 947 2976 1036 3027; x_wconf 86' lang='lat' dir='ltr'><strong>per</strong></span> <span class='ocrx_word' id='word_1_208' title='bbox 1052 2976 1225 3027; x_wconf 85' lang='lat' dir='ltr'><strong>opacas</strong></span> <span class='ocrx_word' id='word_1_209' title='bbox 1251 2957 1463 3009; x_wconf 81' lang='lat' dir='ltr'><strong>humida</strong></span> <span class='ocrx_word' id='word_1_210' title='bbox 1484 2966 1659 3009; x_wconf 82' lang='lat' dir='ltr'><strong>terras.</strong></span> 
     </span>
     <span class='ocr_line' id='line_1_30' title="bbox 353 3036 1500 3106; baseline -0.004 -10"><span class='ocrx_word' id='word_1_211' title='bbox 353 3042 520 3096; x_wconf 83' lang='lat' dir='ltr'><strong>Janua</strong></span> <span class='ocrx_word' id='word_1_212' title='bbox 542 3059 608 3092; x_wconf 88' lang='lat' dir='ltr'><strong>ne</strong></span> <span class='ocrx_word' id='word_1_213' title='bbox 629 3058 775 3092; x_wconf 82' lang='lat' dir='ltr'><strong>verso</strong></span> <span class='ocrx_word' id='word_1_214' title='bbox 791 3042 1060 3092; x_wconf 86' lang='lat' dir='ltr'><strong>stridorem</strong></span> <span class='ocrx_word' id='word_1_215' title='bbox 1079 3036 1285 3093; x_wconf 82' lang='lat' dir='ltr'><strong>cardine</strong></span> <span class='ocrx_word' id='word_1_216' title='bbox 1304 3042 1500 3106; x_wconf 83' lang='lat' dir='ltr'><strong>reddat,</strong></span> 
     </span>
    </p>

    <p class='ocr_par' dir='ltr' id='par_1_7' title="bbox 350 3124 1643 3277">
     <span class='ocr_line' id='line_1_31' title="bbox 350 3124 1598 3190; baseline -0.002 -11"><span class='ocrx_word' id='word_1_217' title='bbox 350 3125 510 3179; x_wconf 83' lang='lat' dir='ltr'><strong>Nulla</strong></span> <span class='ocrx_word' id='word_1_218' title='bbox 528 3126 678 3177; x_wconf 86' lang='lat' dir='ltr'><strong>domo</strong></span> <span class='ocrx_word' id='word_1_219' title='bbox 697 3125 800 3176; x_wconf 73' lang='lat' dir='ltr'><strong>tota</strong></span> <span class='ocrx_word' id='word_1_220' title='bbox 818 3132 919 3190; x_wconf 81' lang='lat' dir='ltr'><strong>est3</strong></span> <span class='ocrx_word' id='word_1_221' title='bbox 938 3134 1103 3175; x_wconf 85' lang='lat' dir='ltr'><strong>custos</strong></span> <span class='ocrx_word' id='word_1_222' title='bbox 1123 3126 1180 3176; x_wconf 88' lang='lat' dir='ltr'><strong>in</strong></span> <span class='ocrx_word' id='word_1_223' title='bbox 1201 3126 1383 3177; x_wconf 90' lang='lat' dir='ltr'><strong>limine</strong></span> <span class='ocrx_word' id='word_1_224' title='bbox 1405 3124 1598 3185; x_wconf 80' lang='lat' dir='ltr'><strong>nullus.</strong></span> 
     </span>
     <span class='ocr_line' id='line_1_32' title="bbox 352 3208 1643 3277; baseline -0.001 -15"><span class='ocrx_word' id='word_1_225' title='bbox 352 3208 428 3262; x_wconf 84' lang='lat' dir='ltr'><strong>At</strong></span> <span class='ocrx_word' id='word_1_226' title='bbox 451 3209 621 3259; x_wconf 77' lang='lat' dir='ltr'><strong>medio</strong></span> <span class='ocrx_word' id='word_1_227' title='bbox 644 3218 785 3259; x_wconf 86' lang='lat' dir='ltr'><strong>torus</strong></span> <span class='ocrx_word' id='word_1_228' title='bbox 804 3215 905 3274; x_wconf 89' lang='lat' dir='ltr'><strong>est,</strong></span> <span class='ocrx_word' id='word_1_229' title='bbox 929 3209 1088 3260; x_wconf 86' lang='lat' dir='ltr'><strong>ebeno</strong></span> <span class='ocrx_word' id='word_1_230' title='bbox 1106 3209 1368 3277; x_wconf 82' lang='lat' dir='ltr'><strong>sublimis,</strong></span> <span class='ocrx_word' id='word_1_231' title='bbox 1395 3209 1453 3262; x_wconf 88' lang='lat' dir='ltr'><strong>in</strong></span> <span class='ocrx_word' id='word_1_232' title='bbox 1471 3218 1643 3275; x_wconf 82' lang='lat' dir='ltr'><strong>antro,</strong></span> 
     </span>
    </p>

    <p class='ocr_par' dir='ltr' id='par_1_8' title="bbox 324 3291 1540 3361">
     <span class='ocr_line' id='line_1_33' title="bbox 324 3291 1540 3361; baseline 0 -16"><span class='ocrx_word' id='word_1_233' title='bbox 324 3292 598 3346; x_wconf 76' lang='lat' dir='ltr'><strong>‘Plumeus</strong></span> <span class='ocrx_word' id='word_1_234' title='bbox 614 3330 628 3354; x_wconf 91' lang='lat'>,</span> <span class='ocrx_word' id='word_1_235' title='bbox 646 3292 895 3358; x_wconf 79' lang='lat' dir='ltr'><strong>unicolor,</strong></span> <span class='ocrx_word' id='word_1_236' title='bbox 916 3291 1057 3359; x_wconf 76' lang='lat' dir='ltr'><strong>pullo</strong></span> <span class='ocrx_word' id='word_1_237' title='bbox 1073 3293 1332 3345; x_wconf 74' lang='lat' dir='ltr'><strong>velamine</strong></span> <span class='ocrx_word' id='word_1_238' title='bbox 1356 3303 1540 3361; x_wconf 82' lang='lat' dir='ltr'><strong>tectus,</strong></span> 
     </span>
    </p>

    <p class='ocr_par' dir='ltr' id='par_1_9' title="bbox 353 3375 1696 3445">
     <span class='ocr_line' id='line_1_34' title="bbox 353 3375 1696 3445; baseline 0.001 -19"><span class='ocrx_word' id='word_1_239' title='bbox 353 3375 473 3445; x_wconf 85' lang='lat' dir='ltr'><strong>Quo</strong></span> <span class='ocrx_word' id='word_1_240' title='bbox 494 3377 646 3427; x_wconf 74' lang='lat' dir='ltr'><strong>cubat</strong></span> <span class='ocrx_word' id='word_1_241' title='bbox 666 3376 771 3445; x_wconf 80' lang='lat' dir='ltr'><strong>ipse</strong></span> <span class='ocrx_word' id='word_1_242' title='bbox 786 3375 954 3442; x_wconf 85' lang='lat' dir='ltr'><strong>Deus,</strong></span> <span class='ocrx_word' id='word_1_243' title='bbox 978 3375 1223 3429; x_wconf 84' lang='lat' dir='ltr'><strong>membris</strong></span> <span class='ocrx_word' id='word_1_244' title='bbox 1239 3376 1481 3445; x_wconf 85' lang='lat' dir='ltr'><strong>languore</strong></span> <span class='ocrx_word' id='word_1_245' title='bbox 1500 3377 1696 3430; x_wconf 86' lang='lat' dir='ltr'><strong>solutis.</strong></span> 
     </span>
    </p>
   </div>
   <div class='ocr_carea' id='block_1_5' title="bbox 1668 3438 1788 3537">
    <p class='ocr_par' dir='ltr' id='par_1_10' title="bbox 1668 3438 1788 3537">
     <span class='ocr_line' id='line_1_35' title="bbox 1668 3438 1788 3537; baseline 0 0"><span class='ocrx_word' id='word_1_246' title='bbox 1668 3491 1693 3537; x_wconf 90' lang='lat'><em>1</em></span> <span class='ocrx_word' id='word_1_247' title='bbox 1711 3438 1788 3537; x_wconf 66' lang='grc'><strong>3.1</strong></span> 
     </span>
    </p>
   </div>
  </div>
 </body>
</html>
