2520 4211
999 355 1027 447 (
1054 380 1106 433 .1
1124 381 1150 423 ¹
1201 355 1229 448 )
1356 398 1362 407 s

221 502 390 582 Quid
412 499 666 562 flebilius
689 498 778 560 his
794 499 824 559 P

368 632 439 680 Ut
459 626 665 696 reg(em)
687 624 958 699 ωερε*
983 625 1174 676 crudeli
1195 626 1405 677 vulnere
1434 626 1534 677 vidi

368 716 576 782 νίψω)
603 713 933 807 exhalantem.

372 803 663 870 Amiss(um)
689 768 941 853 Anchisen
966 802 1178 864 flebant,
1202 805 1463 877 tristesque
1481 805 1793 872 profundum

371 892 624 960 Pont(um)
652 892 1071 959 aspectabant.-

311 1006 686 1091 Quandoque
706 1026 940 1068 carmen
968 1006 1378 1068 hexametrum
1400 1004 1578 1068 habet
1602 1007 1891 1090 syllabam
1915 978 2008 1069 re·

229 1105 640 1166 dundantem
621 1127 687 1165 in
709 1103 996 1181 attaleni,
1018 1105 1124 1167 sed
1144 1110 1280 1165 tum
1304 1124 1496 1164 versus
1519 1104 1852 1167 immediate
1872 1105 2012 1167 sub-

230 1224 476 1287 sequens
513 1203 763 1285 incipiat
806 1202 996 1264 littera
1048 1201 1235 1263 vooeli
1253 1245 1273 1276 ‚
1317 1198 1698 1282 diphthongo
1712 1246 1729 1276 ,
1774 1201 1866 1263 vel
1908 1207 1964 1264 H
1988 1249 2005 1279 ‚

232 1312 301 1360 ut
321 1322 421 1384 per
440 1301 740 1363 elisionem
764 1310 1010 1383 uterque
1027 1320 1218 1361 versus
1239 1297 1543 1382 jungatur.
1571 1297 1868 1379 Ejusmodi
1894 1321 2011 1362 ver-

234 1422 328 1462 sus
346 1399 672 1483 appellatur
694 1402 1055 1481 hypermeter
1075 1398 1190 1460 sive
1211 1409 1645 1460 concatenatus.
1684 1396 1804 1458 Ex.
1838 1418 1927 1480 gr.
1954 1422 1968 1457 :

380 1537 544 1600 Quem
561 1551 668 1590 ‚non
686 1537 951 1601 incusevfi)
971 1552 1140 1586 amens
1156 1536 1526 1602 hominumque
1549 1535 1903 1602 deornm-(e)

378 1629 484 1677 Aut
507 1625 633 1692 quid
650 1626 704 1675 in
727 1624 893 1676 eversa
911 1626 1016 1676 vidi
1041 1626 1295 1677 crudelius
1318 1625 1460 1676 urbe.

313 1747 397 1809 V.
423 1746 870 1821 ‚miscendorum
897 1747 1113 1827 pedum
1149 1768 1218 1810 ac
1253 1767 1600 1809 caesurarum
1642 1747 1836 1828 plures
1875 1754 2015 1807 sunt

235 1844 436 1921 modi,
463 1866 673 1929 eosque
698 1856 923 1909 tentare
950 1857 1180 1930 oportet
1202 1868 1408 1909 omnes
1423 1893 1439 1925 ‚
1468 1857 1536 1906 ut
1561 1846 1728 1907 taedio
1760 1856 1818 1907 et
1843 1846 2015 1907 satie—

185 1994 191 1998 ,
234 1943 343 2002 tati
363 1963 646 2004 occurras.
672 1948 797 2006 Hac
818 1945 888 2004 in
903 1965 965 2006 re
986 1945 1286 2006 neminem
1311 1961 1642 2026 comparare
1662 1943 1852 2005 ausim
1877 1963 2017 2004 cum

234 2040 503 2123 Virgilio.
532 2041 727 2101 Tanta
753 2043 912 2101 enim
937 2051 1022 2101 est
1038 2040 1501 2123 Virgilianorum
1527 2061 1799 2102 versuum
1829 2041 2016 2101 varie-

236 2150 319 2202 tas
340 2186 355 2215 ,
382 2150 621 2222 tamque
643 2141 790 2198 mira
812 2138 1222 2200 convenientia
1251 2137 1551 2219 Rhythmi
1572 2157 1883 2217 rerumque
1920 2137 2017 2218 ip-

237 2259 428 2301 sarum
451 2259 600 2321 quas
620 2236 872 2299 celebrat
894 2245 1117 2321 naturae
1132 2281 1151 2312 ‚
1177 2245 1248 2296 ut
1283 2234 1383 2296 vix
1416 2233 1736 2317 quicquam
1774 2234 2016 2315 cogitari

238 2337 416 2419 possit
454 2334 789 2430 perfectius.
853 2336 1221 2419 Quapropter
1260 2355 1392 2397 non
1435 2332 1729 2395 immerito
1778 2331 2019 2417 Cycnus

238 2427 642 2511 Mantuanus,
687 2445 746 2497 et
767 2435 1167 2536 Romanorum
1209 2433 1510 2518 poe-'tarum
1545 2431 1814 2517 princeps
1852 2452 2017 2492 nun-

238 2545 485 2616 cupatus
526 2544 631 2595 est.

320 2632 699 2713 Quamquam
733 2630 805 2692 de
834 2632 1065 2692 ratione
1084 2630 1518 2691 miscendorum
1531 2628 1757 2707 pedum
1781 2637 1932 2687 certa
1960 2637 2018 2686 et

241 2728 596 2790 invariabilis
631 2728 832 2809 regula
867 2730 1040 2788 statui
1100 2747 1227 2787 non
1274 2725 1507 2808 possit,
1551 2733 1777 2783 constat
1819 2734 2017 2784 tamen

238 2825 522 2908 spondeos
561 2823 828 2907 inprimis
864 2823 1108 2885 idoneos
1153 2844 1271 2883 esse
1308 2817 1791 2901 descriptionibus
1826 2840 2018 2881 rerum
2070 2895 2080 2903 ι

233 2924 619 2986 molestarum
638 2969 656 2999 ‚
684 2924 948 3005 gravium
969 2967 986 2997 ‚
1012 2921 1287 2982 tristium.
1322 2916 1445 2979 Exa
1484 2938 1569 2999 gr.
1599 2941 1612 2975 ε

385 3051 468 3099 Illi
493 3050 622 3099 inter
640 3062 747 3097 sese
768 3045 946 3113 magna
971 3047 1018 3095 vi
1039 3045 1240 3095 brachia
1267 3045 1465 3095 tollunt.

278 3173 283 3176 -
386 3137 652 3187 Involvens
676 3134 851 3204 umbra
871 3133 1048 3202 magna
1073 3133 1359 3200 coelnmque
1384 3131 1676 3199 polumque.

386 3229 447 3275 Et
463 3226 751 3293 caligantem
775 3225 915 3292 nigra
937 3224 1201 3273 formidine
1222 3222 1410 3276 lucum.

240 3336 439 3399 Rebus
471 3339 616 3401 laetis
634 3384 653 3415 ‚
690 3338 1023 3413 concitatis»,
1063 3336 1512 3421 properantibus
1548 3334 1739 3397 multo
1773 3333 2017 3430 aptiores

240 3458 359 3498 esse
379 3436 644 3520 dactylos
666 3459 843 3500 nemo
862 3458 995 3499 non
1010 3435 1184 3498 νίὼι.
1210 3436 1328 3497 Ex.
1349 3457 1443 3518 gr.
1470 3459 1485 3496 z
