2520 4211
1242 329 1269 419 (
1320 354 1348 396 ι
1361 331 1446 397 50
1489 327 1515 418 )

571 470 861 533 Convenit
891 470 1065 532 etiam
1097 470 1428 531 animorum
1457 468 1823 553 suspensioni
1855 480 1917 531 et
1942 467 2271 530 excitandae

492 569 832 645 attentioni,
864 569 1021 628 utin
1041 567 1156 628 hoc
1177 566 1453 650 exemplo
1466 612 1484 643 ‚
1511 565 1613 627 ubi
1635 567 1823 629 Sinon
1844 577 2044 638 narrat
2059 563 2274 644 Troja-

492 666 585 728 nis
598 712 616 743 ,
641 686 787 749 quas
809 665 1041 727 fraudes
1064 669 1128 726 in
1155 666 1348 748 ipsum
1372 664 1744 748 machinatus
1765 665 1839 726 sit
1859 663 2103 748 Ulysses
2131 686 2146 723 ε

512 811 517 814 ’
557 812 666 866 Nec
688 814 943 880 requievit
965 815 1108 865 enim
1123 853 1139 880 ,
1168 814 1326 865 donec
1351 813 1630 865 Calchante
1651 803 1967 864 ministno—
2065 842 2075 847 -

559 898 665 950 Sed
677 898 771 966 qui
787 898 910 967 dego
928 898 1037 963 haec
1056 901 1229 950 autem
1243 899 1592 965 nequicquam
1609 897 1809 965 ingl-„ata
1830 894 2082 948 revolvo?
2102 894 2270 949 Vmor.

572 1035 748 1098 Valet
765 1058 1003 1122 quoque
1025 1018 1097 1098 ad
1127 1035 1615 1119 significationem
1637 1034 1900 1119 pudgris,
1928 1045 1995 1095 ut
2021 1033 2224 1097 in‘hoc
2255 1060 2271 1093 ε

626 1179 880 1245 Majorum
909 1181 1144 1247 quisquis
1168 1182 1369 1249 primus
1388 1180 1492 1232 fuit
1508 1180 1601 1231 ille
1619 1186 1830 1242 tuorum

628 1263 740 1316 Aut
764 1274 930 1333 pastor
949 1265 1051 1315 fuit
1067 1303 1082 1331 ,
1104 1274 1193 1315 aut
1212 1264 1553 1333 illud-quod
1572 1263 1738 1318 dicere
1755 1263 1889 1313 nolo.
2097 1260 2128 1313 J
2132 1273 2233 1312 σν.

571 1392 799 1475 Species
823 1392 1188 1474 Aposiopesis
1213 1403 1298 1452 est
1323 1391 1605 1473 Syllepsis
1619 1435 1638 1467 ,
1671 1412 1705 1449 a
1732 1399 2058 1471 συλλαμβάνω
2074 1438 2089 1466 ,
2112 1410 2272 1448 com-

482 1489 786 1567 prehendo
797 1533 821 1560 ,
857 1489 924 1547 in
960 1472 1077 1571 quii
1112 1509 1240 1570 pars
1274 1489 1574 1549 sententiae
1602 1488 1810 1571 apertis
1847 1486 2032 1548 verbis
2070 1487 2272 1568 expri-

492 1585 700 1660 mitur,
730 1594 789 1645 et
820 1584 999 1646 altera
1028 1606 1156 1668 pars
1186 1607 1220 1644 a
1249 1584 1478 1666 legente
1512 1585 1835 1668 suppletur.
1873 1583 2122 1645 Schema
2154 1583 2272 1644 hoc

493 1680 835 1743 affinitatem
867 1682 1044 1745 habet
1075 1704 1214 1742 cum
1248 1682 1577 1744 Allusione.
1609 1684 1698 1743 Ita
1727 1681 1936 1743 AEneas
1959 1679 2270 1762 Carthagi-

492 1800 629 1854 nem
651 1780 948 1841 conditam
971 1802 1005 1841 a
1030 1781 1229 1863 Tyriis
1251 1775 1525 1845 exsilibus
1552 1778 1863 1864 aspiciens,
1885 1778 2181 1841 exclamat
2207 1802 2221 1837 ε

618 1920 669 1974 Ο
693 1920 970 1989 fortunati,
995 1939 1216 1989 quorum
1232 1925 1342 1987 jam
1365 1923 1556 1974 moenia
1583 1919 1826 1990 surgunt!
2032 1917 2203 1972 VIRG.

489 2050 630 2113 Pars
656 2050 1063 2114 subintellecta
1092 2062 1175 2114 est
1202 2073 1218 2112 ε
1253 2064 1323 2112 at
1348 2073 1455 2112 nos
1486 2072 1749 2113 erramus
1775 2049 1977 2109 adhuc
2006 2059 2269 2107 carentes

489 2153 648 2209 cedd
674 2151 829 2212 sede.

572 2250 640 2308 30
680 2248 1049 2318 Antithesis,
1091 2247 1165 2307 ab
1207 2260 1508 2330 ἀντιτίθημι,
1553 2269 1815 2331 oppono,
1856 2267 1978 2308 rem
2017 2243 2273 2304 illustrat

491 2343 584 2405 vel
611 2355 784 2425 auget
819 2345 1183 2425 oppositione
1219 2347 1663 2409 contrariorum.
1688 2346 1843 2423 Quia
1878 2366 2009 2405 vero
2040 2341 2268 2402 lubrica

490 2451 574 2502 δί
599 2438 723 2502 haec
742 2438 968 2521 figura,
1003 2460 1139 2500 eave
1171 2461 1247 2500 ne
1283 2442 1592 2503 immodice
1615 2442 1780 2501 illam
1806 2454 1998 2525 petas,
2027 2452 2096 2501 ut
2120 2460 2268 2522 saepe

488 2542 740 2617 Seneca,
783 2538 1054 2622 neglecto
1094 2562 1288 2602 rerum
1328 2541 1602 2624 pondere.
1645 2541 1902 2618 Quaiido
1943 2539 2269 2602 Antithesis

488 2651 693 2726 sponte
710 2628 912 2702 manat
933 2663 1009 2702 ex
1030 2625 1166 2723 ipsis
1186 2639 1378 2717 rebus,
1394 2641 1699 2701 commode
1720 2640 2005 2701 distinctis
2021 2638 2270 2699 lumini-

487 2739 599 2801 bus
628 2739 856 2823 stylum
890 2749 1169 2815 exornat,
1207 2750 1269 2799 at
1308 2740 1547 2819 quando
1580 2738 1860 2800 laboriose
1898 2737 2270 2820 conquiritur

488 2849 594 2899 aut
609 2832 1005 2900 abundantius
1027 2838 1425 2921 profunditur,
1448 2838 1567 2898 cito
1589 2837 1846 2897 satietate
1868 2835 2045 2896 afficit
2073 2833 2268 2912 legen·

489 2935 565 2998 tis
592 2937 881 2997 animum.
914 2935 1376 3018 Elegantissimoe
1414 2946 1554 2997 sunt
1582 2935 1967 3016 oppositiones
2002 2933 2266 2994 idearum
2317 2962 2322 2973 ·

489 3034 555 3094 in
579 3031 673 3102 hjs
694 3033 944 3097 versibus
970 3032 1221 3094 Santolii
1245 3035 1322 3115 de
1346 3032 1708 3117 Martyribus
1736 3032 1795 3093 et
1827 3030 2213 3094 Anachoretis
2247 3056 2262 3092 t

826 3156 938 3216 Illis
953 3183 1155 3217 summa
1178 3167 1281 3217 suit
1296 3165 1473 3236 gloria
1492 3166 1723 3235 despici,

826 3246 937 3298 Illis
954 3248 1170 3300 divitica·
1183 3251 1609 3319 pauperiempati
1623 3289 1642 3317 ,Ἴ

959 3329 1072 3382 Illis
1091 3347 1297 3384 summa
1316 3333 1567 3403 voluptas

959 3416 1142 3485 Longo
1158 3416 1423 3487 supplicio
1441 3417 1594 3473 mori.
