2520 4211
1286 359 1558 448 (108)

618 499 788 561 Pro.
825 501 980 562 inter
1011 498 1308 561 Achillem
1335 510 1394 561 et
1419 500 1956 582 Agamemnonem;
1985 498 2091 562 ille
2117 497 2311 575 Pelei,

539 596 641 659 hic
667 598 833 660 Atre‘i
854 597 1014 659 filius
1039 609 1185 659 erat.

675 729 887 782 Mantua
905 730 1170 783 Musarum
1188 732 1394 794 domus,
1416 739 1571 797 atque
1591 731 1652 782 ad
1671 732 1835 782 sidera
1858 741 2013 783 cantu

673 812 866 866 Evecta
886 815 1136 879 Andim‘,
1159 823 1213 867 et
1228 815 1525 883 Sinymoeis
1545 816 1731 867 muln
1757 816 1980 884 plectris.
2065 814 2182 867 Sm-
2299 831 2320 860 ⁴

622 932 800 996 Vates
830 934 1106 997 Andinus
1140 945 1227 996 est
1250 934 1567 1018 Virgilius,
1592 935 1897 1010 Andibus,
1923 957 2100 1019 prope
2137 936 2323 996 Man-

541 1039 738 1106 tuam,
771 1032 1082 1106 oriundus3
1110 1053 1212 1115 per
1235 1031 1527 1115 plectrum
1557 1033 1933 1116 Smyrnaeum
1967 1031 2324 1114 intelligitur
2443 1041 2446 1042 ’

539 1124 859 1203 Homerus,
899 1150 1080 1210 quem
1123 1127 1419 1212 Smyrnaei
1458 1130 1969 1191 concivemsuum
2013 1150 2146 1190 esse.
2170 1148 2326 1189 con-

538 1222 879 1285 tendebant.

616 1320 733 1383 Per
766 1319 1277 1388 Antonomasiam'
1291 1345 1510 1385 nomen
1545 1324 1684 1385 artis
1712 1324 1963 1385 sumitur
1997 1323 2172 1384 etiam
2213 1343 2324 1404 pro

540 1418 779 1481 artifice.
813 1422 903 1480 Ita
938 1430 1128 1480 orator
1150 1418 1448 1500 significat
1477 1442 1626 1503 saepe
1658 1419 2030 1495 Ciceronem,
2055 1418 2323 1501 philoso-

541 1515 694 1597 phus
728 1516 1125 1578 Aristotelem.
1218 1573 1223 1574 ff

1149 1630 1192 1713 §
1235 1633 1293 1692 5.
1337 1632 1438 1690 De
1479 1634 1707 1692 Ινοηίά.

622 1765 867 1837 Itonia,
907 1775 1157 1845 tipo-vcia,
1192 1765 1471 1826 orationis
1512 1757 1924 1840 dissimulatio,
1966 1764 2196 1847 Tropus
2234 1773 2321 1825 est

540 1881 667 1944 quo
693 1861 859 1922 aliud
889 1862 1139 1925 dicimus
1165 1884 1348 1946 quam
1372 1864 1535 1947 quod
1558 1862 1634 1924 ab
1657 1861 2020 1923 auditoribus
2044 1860 2320 1923 volumus

540 1958 827 2043 intelli313
856 1958 1002 2023 hinc
1022 1960 1352 2040 verba’quae
1378 1963 1612 2045 proprie
1637 1971 1870 2043 sumpta
1903 1947 2176 2037 laudant,
2214 1981 2320 2038 per

540 2057 805 2120 Itoniam
830 2070 1103 2143 usurpata
1122 2061 1471 2144 vituperant.
1495 2060 1682 2123 Nemo
1698 2080 1821 2120 non
1846 2058 2032 2135 videt,
2054 2058 2319 2120 Ironiam

544 2157 867 2238 plurimum
900 2159 1090 2221 valere
1123 2160 1198 2219 ad
1229 2160 1646 2235 deridendum,
1680 2179 1928 2241 cumque
1961 2156 2170 2219 debere
2201 2178 2321 2219 esse

541 2265 662 2315 tam
685 2255 1083 2344 manifestam,
1114 2268 1183 2317 ut
1200 2259 1430 2318 auditor
1451 2258 1644 2318 statim
1666 2254 1988 2337 intelligat,
2005 2275 2129 2339 quo
2142 2275 2324 2315 sensu

539 2352 877 2434 accipienda
896 2330 972 2413 sit
990 2352 1198 2413 oratio.
1217 2353 1340 2415 Ex.
1321 2376 1452 2436 ..gr
1474 2354 1796 2437 Postquam
1812 2357 2009 2417 Venus
2021 2372 2134 2435 ope
2145 2352 2321 2434 Cupi·

539 2448 695 2510 dinis
710 2447 1101 2509 inflammaret
1126 2461 1327 2531 pectus
1350 2451 1600 2513 Didonis
1619 2474 1754 2533 erga
1775 2451 2055 2527 AEneam,
2081 2452 2143 2511 id
2169 2472 2320 2533 aegre

542 2543 730 2607 ferens
753 2545 915 2606 luno
942 2546 1023 2607 sic
1044 2547 1265 2608 ironice
1283 2548 1575 2610 Venerem
1595 2548 1918 2634 alloquitur
1944 2574 1959 2608 ε

673 2682 965 2753 Egregium
982 2698 1107 2734 vero
1126 2680 1339 2734 laudem
1350 2719 1372 2747 ,
1391 2691 1445 2733 et
1460 2680 1634 2752 spolio
1650 2681 1833 2753 ampla
1854 2680 2054 2733 refertis
2066 2719 2082 2745 ,

672 2764 864 2834 Tuque
878 2805 893 2831 ,
915 2783 1143 2835 puerque
1156 2774 1307 2833 tuus,
1332 2783 1585 2836 magnum
1607 2776 1664 2817 et
1681 2763 2009 2817 memorabile
2031 2763 2260 2815 nomen!

672 2849 785 2903 Una
806 2852 922 2903 dolo
939 2851 1124 2903 divum
1143 2851 1188 2902 si
1206 2849 1421 2902 foemina
1441 2851 1577 2903 victa
1594 2852 1817 2902 duorum
1842 2859 1937 2900 est.
2046 2846 2214 2903 Vno.

620 2968 816 3032 Ironia
851 2971 1080 3035 hostilis
1118 2983 1178 3033 et
1213 2992 1406 3041 amara
1447 2973 1662 3032 mortui
1703 2981 1806 3030 aut
1845 2969 2003 3030 brevi
2043 2967 2317 3029 morituri

537 3077 775 3128 vooetur
798 3070 1171 3130 Sar-casmus.
1192 3068 1356 3131 Talis
1376 3079 1460 3131 cst
1480 3069 1773 3153 responsio
1793 3065 2014 3149 Pyrrhi
2038 3065 2112 3128 ad
2141 3064 2314 3127 Pria-

539 3184 706 3243 mum
720 3209 739 3240 ,
766 3163 917 3225 libro
945 3187 980 3226 2
1007 3165 1149 3228 AEn.

680 3318 931 3335 ........
954 3284 1166 3337 Refer-es
1184 3303 1302 3356 ergo
1323 3289 1433 3340 haec
1457 3296 1508 3339 et
1532 3287 1758 3338 nuncius
1782 3287 1879 3337 ibis

670 3366 855 3419 Pelidae
873 3367 1091 3434 genitori
1106 3356 1227 3435 3315
1251 3388 1368 3423 mea
1392 3370 1751 3441 tristiasacta
1760 3407 1782 3434 ,

669 3453 1091 3523 Degeneremque
1115 3454 1510 3525 Neoptolemum
1519 3471 1735 3507 narrare
1758 3462 2036 3508 memento.
