2520 4211
961 335 1191 425 (15)

268 478 368 541 ob
399 480 661 542 eamdem
687 478 972 541 rationem
1000 500 1126 540 non
1148 478 1286 543 licet
1307 478 1580 553 adhihere
1598 497 1796 541 vocem
1827 494 1961 536 mo-

186 577 562 660 nosyllabam
576 579 643 639 in
667 577 833 638 tertia
846 577 996 638 sede.
1011 578 1244 658 Ingrate
1258 599 1396 661 ergo
1413 587 1626 640 sonant
1642 574 1960 659 sequentia.

403 705 448 750 O
474 702 565 761 m,
588 701 780 753 reddite
802 703 869 752 mi
890 719 983 769 pro
1005 703 1188 768 pietate
1212 704 1340 753 mea.

406 799 683 869 Στηριχθιὶς
710 799 899 887 lvi-{7954
915 839 931 865 ‚
964 803 1120 869 χεῢως
1152 796 1322 856 &defiet
1346 796 1536 854 δακὼν.

272 912 386 972 ΙΙΙ.
427 913 661 994 Ingrate
686 912 860 973 etiam
886 911 1198 994 deponitur
1219 914 1498 990 posterius
1523 905 1959 972 hemistichium

188 1029 294 1088 per
322 1029 520 1070 vocem
545 1006 1020 1093 monosyllabam
1040 1052 1058 1084 ‚
1086 1020 1154 1068 ut
1182 1034 1196 1069 ε

403 1137 574 1185 Omnis
598 1153 663 1185 eu
688 1137 743 1185 in
768 1150 972 1200 magnos
998 1135 1146 1199 culpe
1174 1135 1294 1184 deos
1323 1135 1483 1184 scelus
1510 1135 1616 1183 est?

414 1233 547 1285 Κοῦκ
576 1232 631 1285 ἄν
660 1252 732 1292 τις
755 1233 900 1284 λύσαι
925 1231 1053 1286 ἤπια
1074 1229 1315 1302 φάρμακα
1339 1226 1474 1289 δούς.

268 1350 432 1411 Licet
454 1361 649 1412 tamen
673 1350 896 1433 duplici
930 1350 1369 1432 monosyllabo,
1403 1361 1504 1411 aut
1537 1349 1713 1409 unico
1747 1368 1959 1407 mono-

188 1446 422 1528 syllabo
443 1469 543 1530 per
562 1448 660 1529 pol
664 1448 1008 1531 ysyllahum
1032 1449 1171 1510 eliso
1193 1449 1346 1509 illud
1372 1449 1685 1530 deponere,
1710 1468 1809 1506 ex.
1829 1466 1917 1526 gr.

404 1576 610 1624 Proemia
635 1577 677 1624 si
702 1577 870 1626 studio
890 1593 1164 1643 consequar
1183 1579 1273 1627 iste
1297 1587 1372 1626 eat
1393 1588 1482 1627 est.

399 1664 610 1712 Nomine
636 1664 919 1722 mutarunt,
944 1666 1028 1713 hic
1052 1665 1202 1727 deus,
1232 1667 1313 1714 ina
1338 1665 1426 1715 dee
1453 1675 1542 1713 est.

351 1756 441 1812 Μή
464 1755 580 1811 ποτ’
611 1761 900 1828 ἑπαινήσῃς,
935 1759 1045 1830 πρὶν
1073 1761 1128 1814 ἄν
1153 1757 1290 1830 εἰδῇς
1325 1756 1482 1830 ἄνδρα
1507 1766 1755 1828 σαφηνῶς,

448 1844 636 1924 ὀργὴν,
661 1856 746 1908 καὶ
764 1858 963 1928 ῥυθμὸν,
987 1857 1072 1910 καὶ
1095 1858 1273 1927 τρόπον
1299 1858 1430 1917 ὅστις
1457 1856 1513 1908 ἄν
1540 1853 1590 1912 ἦ·

269 1971 523 2035 Pessima
549 1977 817 2035 omnium
844 1976 1276 2056 depositionum
1299 1973 1655 2037 Pentametri
1678 1971 1849 2030 latini
1875 1980 1957 2029 est

190 2069 545 2132 vocabulum
570 2074 752 2133 trium
774 2071 1166 2157 syllabarum,
1197 2082 1301 2132 ut:

405 2200 481 2247 Sit
502 2200 618 2248 licet
639 2207 691 2247 et
710 2199 841 2249 ferro
865 2199 1037 2248 dun-for
1060 2209 1108 2248 et
1130 2198 1372 2265 chalybe.

399 2288 511 2335 Sere
537 2293 703 2335 temen
724 2287 884 2336 tacitis
905 2302 1051 2351 poene
1076 2287 1211 2335 venit
1231 2285 1461 2352 pedibus.

267 2408 412 2466 Dixi
462 2428 590 2467 eam
626 2427 743 2468 esse
783 2409 1086 2490 pessimam
1124 2407 1546 2491 depositionem
1590 2408 1957 2466 Pentametri

189 2508 371 2565 latini
385 2548 409 2577 ,
447 2505 588 2588 quia
623 2505 912 2587 permulta
943 2505 1317 2584 Pentametra
1357 2527 1539 2588 graeca
1574 2504 1958 2565 inveniuntur

189 2623 293 2684 per
318 2622 518 2663 vocem
541 2601 907 2685 trisyllabam
935 2604 1213 2688 deposita.

269 2717 305 2776 J
309 2715 712 2791 ucundissimae
734 2718 973 2799 quidem
1009 2730 1147 2779 sunt
1179 2717 1560 2798 depositiones
1588 2713 1952 2796 dissyllabae3

186 2823 444 2874 attamen
491 2813 645 2874 salva
684 2813 1094 2874 numerositate
1134 2813 1398 2894 usurpari
1440 2834 1676 2896 quoque
1716 2824 1958 2893 possunt

185 2911 570 2994 depositiones
597 2920 880 2994 quatuor,
916 2920 974 2969 et
1012 2910 1367 2992 quandoque
1402 2905 1668 2992 quinque
1703 2909 1956 2991 syllaba-

184 3035 342 3074 rum.
366 3011 588 3073 Valent
609 3012 808 3093 itaque
835 3006 1023 3071 versus
1049 3019 1350 3092 sequentes
1376 3034 1390 3068 :

432 3144 585 3207 Quod
604 3159 841 3210 proavus,
865 3143 1000 3209 quod
1020 3160 1142 3194 evus
1155 3178 1169 3205 ,
1188 3143 1327 3210 quod
1350 3154 1489 3209 peter
1507 3146 1745 3195 excoluit.

428 3234 591 3296 Quem
613 3247 822 3301 propere
843 3231 1081 3297 legimus,
1104 3242 1204 3281 tem
1226 3235 1329 3284 cito
1351 3234 1663 3301 negligimus.
1717 3282 1721 3287 ,

430 3329 709 3397 Ray-{icon
728 3328 890 3398 χώραν
913 3327 1114 3398 πέμψαν
1145 3324 1223 3382 ἄπ’
1246 3331 1506 3396 εὐσεβέων.
1541 3341 1542 3344 ’
1605 3375 1608 3380 .

428 3425 498 3476 To'
518 3426 665 3489 κύβος
687 3424 910 3495 &nmen
934 3427 1095 3492 βένθος
1124 3428 1455 3497 ἰχιφροσύνης.
