2520 4211
927 370 1207 460 (1¹9)

259 513 486 573 Omnes
537 510 855 572 moriemur
869 556 886 586 ‚
935 531 1037 573 seu
1080 511 1274 572 moesti
1315 510 1629 572 vixerimus
1647 555 1665 586 ,
1706 532 1806 571 seu
1852 530 1961 571 nos

183 608 541 670 beaverimus
572 629 852 690 generoso
877 607 1107 669 falerno
1139 608 1407 670 reclinati
1437 609 1504 668 in
1536 608 1830 689 gramine,
1855 605 1964 665 ubi

170 708 366 783 pinus
401 717 458 765 et
482 707 750 785 populus
783 707 868 764 ad
899 708 1168 766 rivulum
1209 707 1483 766 umbram
1513 716 1724 765 amant
1753 724 1960 763 conm—

185 806 364 864 ciam.
406 803 746 887 simplicem
792 804 947 865 hanc
986 803 1243 887 phrasim
1282 806 1364 866 sic
1404 803 1695 886 Epithetis
1732 802 1963 863 ornavit

186 903 467 965 Horatius
497 927 512 962 ε

463 1034 581 1103 Qua
604 1034 755 1103 pinus
774 1035 962 1104 ingene
985 1034 1206 1105 albaque
1228 1037 1442 1105 populus

461 1118 707 1171 Umbram
726 1117 1040 1186 hospitalem
1061 1120 1346 1171 consociare
1364 1127 1539 1172 amant

533 1201 737 1266 flamia,
761 1211 815 1253 et
833 1200 1038 1272 obliquo
1055 1203 1250 1255 laborat

596 1290 837 1358 Lympha
845 1288 1029 1361 fugax
1052 1290 1304 1359 trepidare
1322 1289 1452 1339 rivo.

269 1416 592 1492 Quodlibet
617 1416 963 1501 Epithetum
989 1395 1153 1480 suam
1182 1416 1361 1479 habet
1386 1417 1678 1478 virtutem.
1716 1415 1980 1480 Arbores.

193 1512 481 1575 altissimae
498 1513 709 1596 (pinus
736 1517 965 1597 ingens)
985 1526 1044 1576 et
1068 1529 1302 1597 aspectu
1323 1513 1753 1595 jucundissimae
1773 1513 1966 1592 (alba-

191 1612 604 1692 quepopzdue)
625 1613 797 1673 ramis
824 1614 1164 1673 consociatis
1186 1612 1450 1674 efficiunt
1466 1633 1749 1674 recessum
1772 1612 1963 1693 impe-

193 1707 538 1771 netrabilem
581 1710 721 1787 soli,
768 1710 870 1770 ubi
915 1712 1098 1770 viator
1139 1710 1250 1772 sub
1297 1721 1451 1772 tecto
1496 1712 1653 1772 velut
1690 1708 1964 1791 hospitali

195 1804 491 1887 (umbram
514 1808 885 1889 hospitalem)
924 1808 1070 1869 vires
1109 1806 1342 1869 reficere
1374 1809 1580 1890 possit3
1627 1808 1799 1888 juxta
1831 1806 1969 1867 fluit

193 1904 416 1966 rivulus
435 1905 553 1966 leni
579 1897 873 1966 murmure
898 1898 1168 1985 (fugax)
1195 1925 1466 1964 somnum
1488 1905 1742 1965 invitans
1758 1949 1773 1978 ,
1804 1916 1860 1964 et
1885 1904 1968 1962 ita

192 2003 419 2079 tenuis,
459 2012 523 2062 ut
558 2002 647 2064 vel
674 2004 749 2063 ad
785 2003 1098 2063 minimum
1135 1999 1363 2062 obicem
1394 2022 1629 2062 cursum
1667 1995 1967 2061 deflectere

191 2101 455 2180 (obliquo
471 2103 600 2160 rivo
618 2099 929 2183 trepidare)
952 2112 1009 2162 et
1029 2121 1251 2162 novum
1277 2100 1568 2160 tramitem
1586 2097 1695 2159 sibi
1714 2119 1967 2181 quaerere

193 2209 449 2279 cogatur.
477 2198 733 2260 Sublatis
754 2197 871 2259 illis
901 2196 1184 2280 Epithetis
1204 2208 1556 2259 evanescunt
1576 2196 1784 2275 optimi
1799 2194 1965 2258 colo-

193 2317 280 2356 res
301 2295 730 2375 jucundissimae
751 2295 930 2377 hujus
955 2296 1377 2379 descriptionis.

273 2392 687 2476 Epithetorum
721 2393 913 2455 fontes
949 2393 1042 2455 vel
1082 2403 1221 2455 sunt
1249 2394 1541 2475 generales
1579 2393 1668 2455 vel
1707 2391 1966 2475 particu-

195 2490 363 2552 lares·
396 2491 621 2553 Ducem
658 2493 722 2552 in
759 2491 875 2552 hoc
906 2492 1092 2573 capite
1127 2492 1425 2574 praecipue
1453 2513 1761 2574 sequemur
1787 2502 1966 2552 artem

196 2589 491 2652 metricam
514 2590 578 2651 in
602 2612 773 2652 usum
798 2589 1108 2672 Gymnasii
1136 2588 1196 2647 S.
1221 2590 1287 2650 S.
1316 2589 1641 2650 TrinitatiS.

831 2750 1229 2811 Aancunus
1278 2748 1329 2806 ιζ

441 2897 539 2957 De
557 2899 842 2978 fontibus
871 2874 1249 2982 generalibus
1275 2880 1727 2978 'Epithetorum

285 3061 347 3107 ιθ
391 3048 630 3108 Ῑηιίοίεε
663 3046 940 3112 Ῐιοηιίηἰε.
966 3049 1117 3111 Cum
1149 3047 1594 3133 eniquuilibet
1624 3046 1806 3106 homo
1839 3066 1972 3128 pro-

197 3146 386 3227 priam
433 3145 613 3207 habet
656 3146 911 3209 indolem
929 3191 944 3220 ,
993 3148 1172 3208 tribui
1222 3157 1414 3229 potest
1464 3145 1571 3228 ipsi
1624 3130 1972 3227 Epithetusn

197 3241 459 3304 moribus
480 3243 604 3324 ejus
623 3245 1000 3306 convenieuS.
1021 3249 1109 3304 Ita
1132 3244 1391 3307 Achilles
1410 3245 1626 3307 dicitur
1646 3242 1972 3302 iracundus

196 3350 256 3400 et
286 3342 702 3416 inexorabili-s,
737 3343 940 3404 Medoe
956 3343 1171 3424 ferox,
1206 3342 1383 3403 Ixion
1407 3342 1701 3422 perfidae,
1734 3338 1819 3400 Ul
1821 3361 1975 3422 ysses

197 3437 457 3511 dolosus,
482 3438 641 3519 Ajax
662 3441 1037 3519 impavidus,
1068 3437 1281 3507 AEneas
1295 3443 1473 3517 pius,
1499 3439 1749 3502 Achates
1764 3437 1975 3518 fidae,
