2520 4211
1257 344 1531 437 (124)

508 492 696 551 vimus
716 536 734 566 ,
790 510 976 567 pauca
1021 498 1257 549 tantum
1308 488 1579 570 exempla
1630 483 1758 549 hie'
1789 486 2130 569 adiiciemus
2148 533 2165 564 ,
2210 488 2287 547 ad

505 587 876 670 probandum
900 597 1124 670 quanta
1152 588 1225 647 sit
1251 588 1316 648 in
1340 587 1594 668 eleganti
1614 584 2034 665 Epithetorum
2052 585 2291 648 delectu

506 687 861 768 tropicarum
882 685 1334 747 translationum
1358 686 1599 747 utilitas.
1618 684 2076 769 Metaphoricam
2101 696 2287 746 trans·

505 783 789 845 lationem
821 806 853 844 a
891 783 1107 867 plantis
1136 784 1209 843 ad
1237 805 1435 844 senem
1469 781 1822 844 Charontem
1859 783 2036 845 habes
2066 783 2136 842 in
2168 781 2287 843 hoc

501 883 739 965 Virgilii
766 908 780 943 ε

638 1013 754 1066 Jam
774 1014 969 1079 senior,
994 1014 1080 1065 sed
1097 1014 1262 1065 cruda
1283 1014 1375 1064 deo
1394 1012 1690 1084 viridisque
1704 1020 1953 1065 senectus.

583 1147 637 1205 A
679 1144 964 1207 militibus
998 1146 1263 1228 legitimo
1297 1157 1554 1236 tempore
1592 1144 1887 1207 defunctis
1918 1144 1998 1205 ad
2024 1156 2287 1205 aratrum

505 1244 685 1326 longo
709 1267 817 1305 usu
838 1244 1102 1305 attritum
1121 1291 1136 1319 ,
1162 1245 1226 1304 in
1254 1243 1371 1305 hoo
1397 1244 1594 1304 Ovidii
1622 1268 1637 1303 z

638 1383 882 1436 Rusticus
904 1387 1178 1436 emeritum
1202 1384 1317 1451 palo
1340 1384 1611 1451 suspendat
1629 1392 1877 1434 aratrum.

582 1514 654 1572 In
689 1511 1062 1595 sequentibus
1098 1511 1381 1595 exemplis
1410 1511 1688 1596 Epitheta
1718 1501 2013 1595 pertinent
2039 1509 2112 1570 ad
2147 1511 2283 1571 Me-

500 1611 852 1691 tonymiam.

643 1777 1000 1793 ...........
1033 1740 1209 1807 Atque
1228 1741 1361 1791 hano
1378 1740 1492 1796 sine
1509 1748 1742 1809 tempora
1757 1739 1953 1793 circum

633 1825 778 1878 Inter
797 1826 1046 1877 victrices
1065 1825 1307 1876 hederam
1331 1824 1422 1876 tibi
1444 1842 1646 1893 serpere
1664 1824 1850 1876 lauros.
1979 1822 2145 1876 Vmo.

568 1913 569 1916 ’
635 1908 960 1962 Succurrunt
981 1909 1183 1960 timidis
1204 1910 1369 1960 sidera
1393 1909 1628 1961 navibus·
1759 1951 1768 1956 -
1947 1906 2073 1958 SEN.

642 1994 909 2046 oblivioso
930 1994 1078 2045 laevia
1096 1994 1309 2048 Massico

634 2079 837 2132 ciboria
862 2066 1032 2149 exple.
1655 2069 1799 2128 Ηὸιι.

580 2202 654 2260 In
677 2202 868 2279 primo
899 2198 1175 2283 exemplo
1198 2197 1546 2281 Epithetum
1569 2217 1824 2280 personae
1839 2242 1857 2272 ,
1887 2198 2102 2256 victori
2125 2196 2286 2258 scili-

502 2307 592 2357 cet
635 2300 1001 2376 imperatori,
1046 2297 1400 2357 conveniens
1448 2295 1725 2356 tribuitur
1762 2294 1891 2375 ejus
1938 2295 2137 2376 sign0,
2178 2295 2282 2354 ni-

501 2394 718 2451 mirum
755 2396 926 2451 lauro
949 2415 975 2464 ,·
1018 2394 1086 2452 in
1125 2394 1381 2455 secundo
1422 2393 1768 2453 transfertur
1807 2413 1840 2452 a
1878 2404 2160 2454 contento
2203 2394 2282 2454 ad

501 2489 838 2565 continens,
881 2510 1092 2572 nempe
1131 2510 1164 2548 a
1203 2493 1411 2550 nautis
1444 2490 1517 2550 ad
1554 2511 1768 2551 navem
1781 2514 1809 2564 ,·
1844 2492 1909 2551 in
1949 2491 2162 2552 ultimo
2202 2490 2279 2550 ab

499 2588 703 2653 effecto
730 2587 804 2648 ad
837 2608 1096 2664 causam,
1138 2587 1212 2647 ab
1244 2588 1515 2647 ebrietate
1549 2586 1816 2649 videlicet
1843 2611 1975 2672 quae
2008 2609 2282 2650 curarum

498 2686 852 2746 oblivionem
872 2684 1042 2765 parit,
1062 2686 1132 2746 ad
1153 2688 1518 2760 Massicum,
1536 2686 1736 2745 vinum
1750 2685 2280 2768 generosissimum.

578 2784 772 2846 Poe‘tae
806 2785 978 2846 etiam
1015 2784 1302 2867 elegantia
1336 2785 1565 2846 ducunt
1594 2784 1871 2867 Epitheta
1901 2805 1935 2844 a
1968 2784 2279 2866 Syuecdo-

468 2882 633 2958 ohe,
673 2883 989 2945 tribuentes
1015 2886 1165 2965 parti
1194 2906 1326 2966 quae
1359 2885 1587 2967 proprie
1622 2884 1731 2943 toti
1762 2881 2030 2964 integrali
2057 2902 2279 2943 couve-

439 3012 447 3018 -
494 2980 672 3039 niunt
683 3026 701 3056 ,
724 2991 790 3040 ut
805 3004 993 3063 quum
1012 2982 1294 3042 Martialis
1312 2993 1542 3059 raptum
1562 2981 1636 3041 ab
1654 2981 1851 3063 aquili
1866 2980 2277 3063 Ganymedem
2345 2996 2350 2999 “

495 3076 846 3154 describens,
874 3084 956 3138 a'it
985 3103 998 3138 z

626 3216 897 3270 AEthereas
916 3215 1087 3283 aquila
1114 3235 1338 3286 puerum*
1356 3226 1590 3287 portante
1611 3233 1701 3284 per
1718 3232 1865 3266 auras

693 3303 919 3356 lllaesum
945 3302 1147 3353 timidis
1170 3304 1429 3370 unguibus
1449 3302 1596 3354 lmit
1614 3318 1762 3352 onus.

399 3479 407 3489 .
496 3434 563 3494 ld
602 3443 711 3510 est,
746 3429 993 3491 timebat
1024 3431 1222 3514 aquila
1260 3453 1337 3493 ne
1377 3452 1626 3510 puerum
1661 3429 1890 3492 laederet
1927 3427 2228 3517 unguibus
2257 3452 2274 3489 ε
