2520 4211
987 336 1217 427 (73)

211 479 349 543 loco
392 479 638 564 positas,
678 481 942 545 elisiones
979 503 1105 544 non
1140 482 1462 566 neglectas,
1498 502 1703 543 omnes
1734 479 1990 566 denique

214 577 387 662 pedes
418 579 502 640 ita
536 580 837 663 copulatos
869 603 1017 658 esse,
1044 593 1114 643 ut
1144 580 1424 644 schemati
1457 580 1874 664 respondeant,
1900 588 1992 652 et,

160 762 165 765 b
213 677 411 739 stricte
454 676 787 761 loquendo,
831 679 985 740 nihil
1031 679 1299 742 videatur
1335 678 1824 762 redarguendum.
1867 677 1994 754 Qui

213 773 340 852 haec
358 776 623 858 praestitit
642 778 863 854 omnia,
881 777 1176 860 diligentis
1194 778 1615 854 versificatoris,
1635 800 1759 839 non
1776 776 1993 860 egregii
2085 820 2088 825 «

214 875 399 957 Ροὲῐω
421 897 641 938 nomen
661 876 769 937 sibi
787 877 1043 939 vindicet
1055 901 1073 955 ;
1091 879 1297 939 vitavit
1313 879 1549 961 culpam
1564 925 1582 955 ‚
1608 898 1736 939 non
1756 877 1992 937 laudem
2075 949 2082 957 ι

102 1035 117 1043 ,
214 972 454 1036 meruit.
478 975 717 1038 Necesse
737 986 822 1039 est
844 985 1138 1060 praeterea,
1160 989 1228 1038 ut
1250 977 1449 1037 omnia
1473 975 1856 1041 concordibus
1877 997 1994 1035 nu-

131 1111 139 1120 ·
216 1074 390 1135 meris
415 1084 608 1157 aptet,
640 1087 710 1138 ut
742 1097 913 1153 sono,
950 1076 1085 1158 apta
1119 1076 1426 1138 verborum
1459 1075 1633 1151 facie,
1665 1087 1725 1138 et
1754 1075 1994 1158 quaesito

216 1172 493 1235 carminis
524 1195 622 1236 ore
655 1174 918 1237 imitetur
942 1197 1310 1258 quaecunque
1344 1174 1536 1251 canit;
1564 1184 1632 1236 ut
1660 1174 1726 1233 in
1761 1171 1988 1248 laetitia,

216 1267 540 1348 alacritate,
568 1272 936 1335 festinatione
963 1294 1151 1335 versus
1175 1294 1280 1355 per
1301 1270 1569 1355 dactylos
1592 1281 1754 1349 ruat;
1781 1271 1850 1330 in
1880 1269 1994 1329 do—

218 1368 345 1431 lore
362 1414 378 1445 ‚
401 1370 597 1447 luctu,
621 1371 883 1434 molestia
906 1371 1102 1434 tardus
1123 1392 1191 1433 ac
1211 1371 1598 1453 spondeorum
1624 1369 1778 1430 mole
1810 1368 2002 1450 gravis

218 1468 494 1552 procedat
508 1490 527 1547 ;
554 1469 881 1546 horrorem,
906 1467 1270 1552 asperitatem
1291 1469 1495 1531 litteris
1521 1468 1788 1551 fragosis,
1813 1465 2002 1528 molli-

218 1569 367 1629 tiem
401 1577 460 1630 et
491 1567 863 1631 dulcedinem
890 1569 1095 1631 litteris
1123 1568 1364 1651 liquidis
1385 1568 1708 1651 exprimat3
1737 1577 1807 1627 ut
1830 1550 1996 1627 nunc

219 1662 454 1726 fervens
477 1665 601 1727 sine
629 1665 932 1727 molimine
953 1665 1249 1742 decurrat,
1284 1687 1449 1727 nunc
1474 1666 1834 1747 interruptus
1854 1683 2008 1747 pau--

218 1761 394 1823 latim
418 1762 707 1841 subsidat,
738 1775 851 1826 etc.
879 1764 1021 1826 Haec
1044 1785 1318 1835 versuum
1346 1764 1714 1837 concinnitas
1738 1761 2000 1845 appella-

217 1869 325 1921 tur
343 1854 652 1923 'Numerus
674 1863 942 1923 eruditus
950 1907 973 1936 ,
1003 1884 1179 1945 quem
1206 1862 1505 1937 clarissimi
1539 1871 1696 1928 vates
1723 1881 1850 1920 non
1875 1870 2000 1919 tam

219 1957 418 2043 studio
447 1970 506 2021 et
535 1959 845 2036 industria,
882 1981 1063 2044 quam
1092 1960 1380 2029 instinctu
1413 1959 1670 2042 quodam
1709 1957 1909 2018 divino
1943 1967 2005 2018 et

217 2054 433 2117 natura
463 2058 627 2141 quasi
661 2057 808 2120 duce
839 2058 1079 2120 assecuti
1109 2067 1270 2119 sunt.
1304 2056 1523 2118 Praesul
1563 2055 1996 2129 Cremonensis,

221 2153 310 2215 Ha
334 2154 517 2233 vida,
535 2157 768 2218 numeri
793 2156 1003 2218 eruditi
1022 2155 1310 2216 rationem
1327 2152 1585 2215 versibus
1605 2151 2003 2214 numerosissi-

220 2252 336 2314 mis
359 2252 441 2314 sic
464 2255 722 2337 explicat
741 2253 892 2315 libro
920 2253 1086 2317 tertio
1107 2252 1550 2315 institutionum
1567 2250 1960 2334 poeticarum:
1987 2293 1988 2296 η

298 2405 429 2456 Nam
452 2406 645 2457 diversa
667 2425 797 2475 opus
819 2419 891 2459 est
913 2409 1069 2459 veluti
1091 2407 1207 2464 dare
1230 2406 1456 2464 versibus
1474 2421 1591 2469 ora,

296 2493 626 2561 Dives-sosque
641 2497 868 2555 habitus.
891 2514 954 2549 ne
972 2498 1133 2565 qualis
1156 2496 1350 2562 primus
1372 2505 1422 2544 et
1444 2485 1596 2552 alter,

296 2582 432 2636 Talis
458 2594 508 2633 et
527 2584 646 2633 in'de
667 2585 809 2646 alter,
829 2586 1072 2652 vultuque
1092 2586 1290 2644 incedat
1311 2584 1507 2640 eodem.

296 2670 394 2719 1130
416 2672 592 2722 melior
612 2683 854 2739 motuque
880 2674 1092 2735 pedum,
1111 2683 1160 2720 et
1182 2671 1470 2735 pernicibus
1491 2670 1584 2719 alls

299 2758 460 2808 Molle
480 2759 609 2809 viam
632 2760 782 2808 tacito
805 2760 948 2825 lapsu
973 2776 1062 2825 per
1078 2760 1203 2807 levia
1223 2759 1353 2807 radit
1375 2756 1469 2823 (ι).

299 2847 393 2896 Ille
414 2857 580 2897 sutem
599 2847 832 2898 membris
850 2863 909 2896 ac
927 2846 1057 2896 mole
1079 2845 1304 2912 ignavius
1324 2844 1498 2910 ingens

298 2935 494 2985 Incedit
517 2936 659 2985 tardo
677 2935 929 2984 molimine
946 2929 1250 2985 subsidendo
1273 2932 1365 3002 (a).

296 3026 421 3074 Eece
442 3025 624 3091 aliquis
643 3024 780 3073 subit
801 3022 997 3090 egregio
1017 3022 1381 3090 pulcherrimus
1403 3035 1518 3080 ore,

295 3110 394 3163 Cui
414 3111 583 3161 loetum
601 3111 831 3162 membris
849 3114 1024 3161 Venus
1040 3110 1271 3161 omnibus
1290 3107 1424 3161 afflat
1440 3108 1683 3159 honorem
1707 3109 1798 3181 (3).

282 3288 349 3346 (ι)
380 3282 605 3333 Numerus
622 3287 769 3336 facilis
788 3298 836 3335 et
855 3286 1104 3350 expeditus.

281 3367 349 3422 (2)
378 3362 537 3411 Gravi·
556 3376 603 3412 et
619 3366 915 3427 spondeonun
932 3366 1129 3430 pondere
1145 3363 1402 3427 impeditus.

284 3447 364 3502 (ὃ)
379 3441 531 3493 Mollis
549 3454 597 3491 et
612 3444 758 3494 laetus.
