2520 4211
1005 326 1281 420 (¹15)

233 470 470 545 numeri
510 466 805 530 indefiniti
845 469 910 528 in
948 467 1262 532 definitum
1300 455 1510 527 tradita
1550 478 1635 528 est
1675 466 1741 528 in
1776 488 1906 551 cap.
1944 464 2018 545 4,

233 580 344 629 art.
362 568 435 628 de
450 568 491 628 S
492 565 938 649 ynecdoche.—-
946 566 1192 627 Numeri
1209 564 1528 627 cardinales
1544 564 1836 646 eleganter
1852 566 2015 628 reddi

231 674 477 749 possunt
497 685 600 745 per
615 664 882 726 adverbia
903 664 1253 726 numerandi
1278 663 1393 737 bis,
1410 675 1515 734 ter,
1540 673 1753 742 quater
1771 673 1902 738 etc„
1923 662 2016 724 vel

234 763 553 844 conjuncta
580 782 717 823 cum
749 783 998 822 numero
1023 760 1339 836 cardinali,
1370 762 1522 820 utin
1545 760 1660 821 hoc
1682 759 1958 843 exemplo
1996 786 2013 821 ε

233 872 378 924 mnt
405 858 558 919 mihi
589 860 679 919 bis
706 871 921 939 septem
943 859 1431 942 (quatuordecim)
1441 864 1765 938 prae-stanti
1786 881 2017 938 corpore

235 964 575 1044 Nymplzoe3
557 960 689 1022 ·vel
716 957 1034 1038 conjuncta
1067 977 1206 1017 cum
1240 978 1489 1018 numero
1515 957 1910 1038 distributive,
1948 967 2017 1019 ut

235 1060 302 1121 in
334 1060 493 1121 hoc:
531 1062 650 1126 Bis
676 1059 891 1138 quinos
926 1052 1196 1135 (decem)
1223 1056 1362 1113 silet
1392 1054 1496 1112 ille
1527 1054 1653 1115 dies
1667 1094 1689 1123 ,
1717 1067 2016 1136 tectusque

235 1170 469 1218 recusat
488 1157 743 1237 prodere
787 1174 931 1213 voce
970 1152 1091 1210 eud
1132 1171 1514 1231 quemquam.
1551 1185 1631 1199 —
1667 1152 1725 1211 h.
1770 1151 2016 1213 Numeri

235 1255 554 1316 cardinales
598 1271 810 1332 magna
850 1250 1024 1310 etiam
1069 1270 1207 1309 cum
1262 1248 1550 1330 elegantia
1594 1258 1902 1309 transeunt
1948 1249 2016 1309 in

235 1352 610 1414 Substantiva
643 1369 774 1431 quae
811 1357 1028 1407 certam
1071 1366 1368 1418 annorum
1409 1347 1610 1408 seriem
1653 1343 2011 1427 significant.

235 1455 312 1511 V.
335 1470 395 1529 g.
422 1449 677 1527 Jamque
709 1437 871 1505 unua¹
901 1446 1105 1503 lustn‘s
1132 1447 1391 1524 geminis
1424 1457 1745 1504 accesserat
1767 1468 1967 1508 annue
1984 1471 2015 1524 3

234 1549 281 1609 i.
318 1569 373 1607 e.
393 1593 397 1598 .
415 1549 556 1605 Jam
589 1565 790 1603 annus
827 1543 1115 1623 agebatur
1146 1542 1513 1601 undecimus.
1556 1545 1683 1602 Hie
1709 1566 1892 1623 prope
1929 1560 2017 1609 te,-

233 1664 411 1705 aenae
444 1642 607 1703 vidit
634 1639 1047 1721 Οὖχηιρίαᾱεεῑ
1068 1639 1108 1698 i.
1142 1661 1196 1700 e.
1223 1637 1438 1699 Annos
1473 1643 1825 1721 nonaginta.
1856 1644 2011 1705 Lus-

238 1751 395 1800 trum
424 1739 583 1800 enim
619 1748 677 1800 et
707 1737 1021 1819 Olympias
1053 1734 1390 1818 significant
1422 1738 1689 1821 quinque
1715 1759 2009 1802 annorum

236 1837 520 1920 spatium,
567 1856 636 1895 eo
681 1833 842 1916 quod
883 1834 1095 1915 quinto
1129 1833 1339 1913 quovis
1375 1853 1537 1893 anno
1574 1834 1709 1897 urbs
1748 1837 1934 1899 Roma
1974 1860 2008 1899 a

235 1932 568 1996 censoribus
589 1930 972 2004 lustrabatur,
998 1940 1057 1991 et
1083 1929 1383 2011 Olympiae
1409 1930 1850 1993 celebrabantur
1881 1935 2010 1996 ludi

236 2033 592 2109 celeberrimi
611 2076 630 2108 ,
683 2032 758 2090 ad
811 2049 1064 2114 quorum
1118 2026 1516 2111 spectaculum
1566 2030 1834 2092 universa
1889 2032 2007 2096 sere

235 2132 460 2192 Graecia
502 2126 858 2191 confluebat.

317 2227 383 2286 5⁰
428 2226 626 2287 Verba
667 2224 899 2307 propria
930 2223 1221 2305 eleganter
1256 2233 1563 2300 mutantur
1595 2222 1659 2284 in
1697 2224 2005 2309 metapho-

232 2327 349 2388 rica
358 2370 377 2401 ‚
407 2325 666 2385 maxime
688 2324 734 2385 si
761 2322 1059 2384 translatio
1080 2320 1151 2382 fit
1176 2344 1210 2382 a
1236 2320 1409 2383 rebus
1429 2321 1697 2383 animatis
1716 2322 1791 2385 ad
1811 2324 2007 2385 inani-

232 2434 442 2498 matas,
482 2433 548 2482 nt
584 2442 722 2483 cum
746 2420 1031 2503 Virgilius
1064 2420 1221 2482 dixit
1252 2420 1326 2483 de
1359 2418 1566 2482 arbore
1591 2422 1688 2484 cui
1721 2424 2006 2505 peregrini

233 2523 380 2584 rami
394 2531 572 2596 ,erant
592 2520 753 2581 insiti
774 2544 789 2580 ε
817 2523 1181 2599 miraturque
1202 2540 1392 2578 novas
1395 2520 1651 2600 frondes
1671 2532 1730 2580 et
1747 2541 1870 2581 non
1889 2544 2008 2582 sua

223 2642 434 2701 poma,
454 2617 695 2681 verbum
711 2620 967 2679 miratur
980 2617 1169 2676 multo
1190 2616 1469 2696 majorem
1490 2616 1668 2678 habet
1690 2617 2003 2680 efficaciam

233 2738 415 2802 quam
446 2717 680 2798 vulgare
703 2716 953 2795 profert.
985 2747 1065 2761 —
1098 2714 1157 2774 b.
1194 2712 1597 2774 Pulcherrima
1636 2725 1718 2774 cst
1757 2717 2005 2779 mutatio

232 2816 390 2878 verbi
413 2814 750 2897 simpliciter
769 2834 893 2876 rem
921 2809 1346 2894 significantis
1326 2831 1392 2870 in
1415 2809 1576 2869 aliud
1597 2812 1757 2892 quod
1779 2814 1862 2874 rei
1884 2814 2004 2874 cir·

234 2913 647 2974 cumstantiam
690 2906 962 2993 graphice
999 2909 1313 2991 exprimat.
1357 2906 1510 2968 Vide
1557 2929 1736 2988 quam
1779 2913 2004 2992 egregie

230 3010 474 3071 verbum
497 3010 649 3069 Sum
668 3006 1084 3093 sequentibus
1065 3029 1133 3068 111
1153 3004 1440 3089 exemplis
1459 3005 1534 3067 sit
1557 3016 1850 3068 mutatum
1881 3031 1895 3067 :

298 3177 398 3232 Ant
420 3193 511 3244 ego
534 3176 582 3247 (J
587 3194 690 3228 uno
708 3173 958 3247 loquitur)
981 3192 1096 3244 quo
1114 3176 1295 3228 divum
1322 3172 1506 3228 incedo
1531 3173 1736 3243 regina,
1758 3170 2004 3244 jovisque

294 3262 364 3315 Et
381 3276 522 3310 soror
540 3269 589 3311 et
607 3262 820 3327 conjux.
1366 3259 1529 3314 VIRG.

375 3380 561 3395 ......
589 3344 770 3397 Multa
792 3342 1051 3413 (Capellae)
1067 3343 1200 3394 mihi
1219 3344 1441 3394 vallibus
1455 3339 1666 3408 efflant,

363 3426 555 3480 Multas
577 3427 728 3493 sylva
750 3430 920 3500 tegit,
940 3427 1121 3485 multae
1135 3426 1476 3482 stabulantur
1492 3429 1549 3482 in
1572 3428 1750 3480 antris.
1785 3468 1788 3471 Α
1818 3429 1906 3484 Id.

1692 3538 1806 3589 10.
