2520 4211
1247 354 1275 440 (
1327 355 1522 444 110)

1121 562 1491 638 CAPUT
1550 530 1715 634 vs*

494 759 633 830 De·
666 761 843 832 aliis
896 762 1340 858 quibusdam
1379 766 1697 861 poe'iticis
1747 768 2278 846 mutationibus

1240 905 1499 951 vocum
1512 935 1527 951 .

572 1077 711 1140 Non
735 1081 935 1142 omnia
958 1081 1128 1144 verba
1154 1083 1319 1143 omni
1346 1092 1531 1144 metro
1557 1083 1948 1161 conveniunt,
1971 1085 2273 1148 nonnulla

491 1175 661 1236 etiam
702 1178 948 1260 indigna
986 1189 1128 1240 sunt
1159 1179 1489 1240 elocutione
1520 1178 1764 1261 poetica.
1797 1180 2169 1264 Quapropter
2200 1192 2272 1244 ut

491 1294 653 1336 aures
696 1277 853 1335 suavi
891 1275 1179 1359 rhythmo
1209 1288 1387 1358 atque
1421 1277 1652 1337 animus
1691 1279 1868 1358 gratis
1911 1279 2271 1360 imaginibus

490 1372 932 1435 demulofflntur
945 1418 966 1449 ‚
1018 1395 1163 1456 saepe
1211 1395 1438 1435 necesse
1483 1384 1577 1434 est
1633 1374 1948 1451 vocabula,
2000 1379 2269 1459 quamvis

490 1470 728 1530 aliunde
750 1470 1083 1552 perspicua,
1112 1480 1172 1531 et
1195 1490 1316 1530 rem
1354 1470 1426 1530 de
1461 1470 1580 1552 qua
1614 1472 1810 1552 agitur
1842 1471 1995 1534 clare
2033 1472 2268 1555 signifi-

490 1568 711 1642 cantia,
737 1577 962 1627 mutare
999 1567 1065 1626 in
1103 1567 1217 1626 alia
1257 1578 1315 1627 et
1350 1566 1700 1649 elegantiora
1736 1579 1796 1629 et
1828 1570 2039 1630 rectius
2073 1569 2269 1630 cohae-

488 1666 676 1726 tentia
700 1687 839 1726 cum
862 1664 1087 1747 legibus
1110 1666 1298 1726 metri.
1333 1665 1415 1725 At
1446 1687 1584 1726 cum
1611 1667 2029 1728 mutandarum
2054 1688 2269 1729 vocum

488 1763 773 1822 rationem
788 1763 1151 1830 xtraditurum
1178 1783 1274 1824 me
1300 1764 1561 1846 promisi,
1591 1785 1701 1839 ne,
1733 1785 1929 1847 quaeso
1943 1809 1962 1841 ,
1994 1765 2145 1826 illud
2180 1765 2268 1826 ita

482 1858 710 1921 dictum
736 1860 1029 1922 existimes
1045 1905 1061 1934 ,
1086 1859 1251 1944 quasi
1286 1859 1442 1922 nihil
1471 1860 1631 1920 aliud
1655 1862 1775 1921 nisi
1797 1860 2045 1923 multam
2073 1884 2270 1946 syno-

486 1965 809 2041 nymorum
844 1957 1263 2041 supellectilem
1299 1961 1410 2020 sim
1443 1958 1814 2041 expositurus
1852 1982 1868 2019 ε
1904 1959 1978 2048 ἱάΝ
2002 1960 2164 2020 enim
2197 1970 2269 2020 ut

486 2057 715 2138 exiguae
741 2056 990 2118 omnino
1016 2057 1152 2119 artis
1181 2068 1299 2134 est,
1329 2057 1411 2119 ita
1443 2055 1801 2140 praeceptoris
1823 2054 2110 2119 industria
2133 2076 2268 2118 non

485 2154 732 2237 indigeti
755 2156 1057 2218 sufficient
1079 2156 1157 2215 ad
1183 2154 1301 2216 hoc
1324 2155 1540 2236 linguae
1561 2153 1821 2235 cognitio
1841 2165 1930 2229 et,
1963 2165 2030 2214 ut
2055 2153 2229 2233 ajunt
2243 2198 2264 2229 ,

482 2253 640 2314 dives
655 2255 823 2335 copia
838 2252 1144 2315 verborum
1158 2298 1179 2327 ,
1198 2254 1588 2340 omniumque
1604 2251 1877 2314 manibus
1894 2252 2063 2312 tritus
2079 2272 2268 2333 syno-

422 2370 429 2379 ·
486 2371 812 2432 nymorum
834 2350 1016 2410 index
1034 2349 1287 2428 (Gradus
1310 2350 1383 2409 ad
1404 2349 1780 2432 Parnassum)
1801 2370 1976 2432 quem
1997 2338 2087 2407 Gi.
2112 2347 2266 2408 Noe'l

484 2466 714 2506 summo
749 2466 887 2505 cum
914 2444 1106 2504 studio
1132 2445 1438 2504 contexuit
1461 2446 1527 2505 in
1563 2448 1734 2506 usum
1770 2456 2073 2528 tyronum.
2106 2444 2268 2505 Nos-

485 2551 646 2602 trum
668 2563 803 2602 vero
823 2542 1180 2625 propositum
1216 2552 1303 2602 est
1331 2544 1400 2601 in
1430 2540 1545 2602 hoc
1572 2544 1760 2625 capite
1788 2542 2045 2603 indicare
2058 2585 2076 2616 ,
2103 2540 2267 2601 unde

483 2639 617 2703 duci
639 2640 862 2722 possint
876 2659 1037 2701 voces
1059 2659 1190 2722 quae
1207 2636 1555 2700 Parnassum
1572 2638 1906 2714 suboleant,
1927 2650 1985 2701 et
2003 2660 2039 2698 a
2055 2640 2264 2699 Musa-

484 2758 617 2804 rum
650 2737 1018 2805 institutione
1048 2737 1356 2818 videantur
1377 2737 1658 2821 profecta.
1689 2739 1780 2799 De
1806 2738 2044 2821 poeticis
2064 2746 2269 2796 muta·

482 2836 743 2899 tionibus
763 2858 975 2898 vocum
996 2857 1099 2920 per
1122 2835 1453 2898 Idiotismos
1475 2846 1535 2897 et
1555 2837 1779 2917 Tropos
1802 2835 1935 2903 satis
1956 2844 2153 2895 actum
2180 2844 2267 2895 ωε

478 2934 550 2999 iu
588 2934 883 3016 capitibus
930 2934 1419 3018 praecedentibus3
1467 2945 1720 3017 superest
1758 2934 1939 3016 igitur
1981 2943 2050 2992 ut
2091 2952 2267 3005 nnnc

480 3052 721 3113 agamus
754 3033 826 3094 de
861 3033 1099 3117 reliquis
1134 3031 1561 3093 mutationibus
1599 3032 1870 3092 nondum
1908 3029 2171 3103 traditis,
2205 3039 2265 3089 et

482 3148 613 3212 quae
656 3138 908 3211 spectare
945 3141 1189 3211 possunt
1227 3129 1559 3210 Adiectiva,
1606 3126 2010 3201 Substantiva,
2046 3125 2264 3201 Casus,

484 3226 798 3301 Numeros,
822 3225 1047 3301 Verba,
1072 3228 1392 3310 Tempora,
1420 3226 1659 3303 Modos,
1694 3224 1984 3287 Adverbia
2010 3222 2068 3286 et
2099 3223 2268 3284 Gon-

478 3321 832 3399 junctiones.
861 3322 1008 3399 Quae
1033 3323 1232 3382 omnia
1250 3369 1270 3399 ,
1306 3312 1613 3385 ut’ordine
1649 3342 2087 3406 prosequamur,
2118 3322 2267 3381 toti-
2303 3382 2324 3387 a

480 3420 615 3480 dem
638 3420 986 3482 sectionibus
1013 3420 1437 3504 distinguemus
1453 3467 1471 3498 ,
1506 3421 1861 3483 illustrantes
1886 3441 1952 3482 ea
1979 3419 2269 3502 exemplis
