2520 4211
1274 283 1542 382 (τω.)

653 420 979 500 Pinnil'erum
1003 428 1181 489 caput,
1207 429 1262 473 et
1278 430 1435 474 vento
1456 422 1687 490 pulsatur
1704 430 1755 474 et
1779 423 1964 490 imbri;

652 505 763 558 Nix
782 507 1026 557 humeros
1047 504 1218 576 infusa
1243 504 1369 574 tegit
1394 524 1406 557 ε
1431 514 1546 557 tum
1569 506 1788 558 flumina
1807 515 1983 558 mento

650 587 976 657 Praecipitant
993 588 1154 655 senis,
1172 598 1225 641 et
1244 590 1404 658 glacie
1422 590 1551 659 riget
1573 591 1781 643 horrida
1798 592 1967 643 barba.

518 725 770 812 Observa
793 744 859 804 in
882 742 996 806 hac
1012 745 1536 828 Prosopographia,
1560 746 1811 827 corporis
1830 744 2081 805 humani
2099 743 2294 827 appel·

464 899 472 906 .
514 842 789 917 lationeS,
823 842 1039 928 quibus
1071 843 1238 925 poeta
1270 846 1473 920 utitur,
1506 863 1609 927 per
1630 842 2074 906 similitudinem
2111 842 2292 905 etiam

517 938 696 999 tribui
723 959 887 1020 posse
913 939 1170 1022 partibus
1203 942 1444 1003 montis.

595 1036 734 1096 Non
768 1036 965 1098 minus
999 1048 1160 1120 grata
1187 1048 1271 1100 est
1300 1037 1424 1099 haec
1456 1037 1761 1121 descriptio
1799 1033 2012 1142 Angeli
2024 1081 2045 1114 ,
2083 1033 2187 1097 lib.
2226 1035 2288 1095 3.

516 1133 729 1197 Christ.
762 1135 847 1196 H.
870 1134 1068 1196 vida.

716 1304 897 1360 Nudus
917 1315 1052 1368 erat,
1076 1305 1227 1356 roseis
1245 1305 1477 1355 humeris
1503 1311 1703 1355 tantum
1730 1320 1883 1355 aurea
1904 1302 2029 1356 laevs

647 1387 905 1441 Pendebat
921 1388 1134 1452 demissa
1154 1387 1390 1452 chlamys
1403 1425 1417 1450 ,
1436 1404 1593 1453 quam
1612 1388 1768 1439 fibula
1787 1388 1963 1440 subter

649 1470 744 1524 Ilia
770 1470 1051 1539 tergemino
1068 1470 1333 1521 mordebat
1353 1470 1517 1520 rasilis
1542 1487 1695 1534 auro,
1998 1476 2003 1481 '

646 1553 928 1620 Rubraque
949 1553 1220 1622 compactis
1245 1554 1530 1622 pendebant
1549 1555 1752 1623 cingula
1772 1555 1940 1607 bullis.

647 1637 827 1690 Molles
847 1654 875 1688 a
901 1645 1040 1705 tergo
1058 1638 1263 1689 tractim
1284 1654 1598 1691 succrescere
1618 1640 1833 1708 plumas,

648 1720 730 1774 Ac
747 1720 939 1773 sensim
959 1722 1184 1789 geminas
1201 1721 1435 1774 humeris
1452 1739 1711 1791 assurgere
1737 1724 1793 1773 in
1812 1722 1915 1774 alas
1934 1741 1947 1773 t

647 1805 790 1859 Tum
807 1822 949 1856 suras
967 1806 1180 1874 gemmis
1202 1804 1436 1871 inclusit,
1462 1815 1639 1859 caetera
1659 1807 1846 1857 nudus.

648 1888 773 1940 Oris
792 1889 989 1942 multus
1005 1891 1196 1955 honos,
1227 1890 1462 1959 gratique
1481 1907 1509 1941 e
1531 1907 1736 1959 corpore
1756 1898 1924 1941 motus

650 1972 806 2027 Haud
828 1974 989 2026 nostri
1016 1991 1236 2043 puerum
1262 1975 1459 2043 generis
1482 1983 1734 2026 testantur
1751 1975 1919 2026 adesse
1933 2013 1949 2042 ,

649 2056 752 2112 Sed
773 2057 891 2111 coeli
912 2059 1163 2128 sobolem,
1186 2068 1338 2128 atque
1356 2060 1486 2113 aulae
1501 2060 1753 2112 stellantis
1768 2059 2061 2113 alumnum.

577 2211 661 2282 ,6⁰
706 2216 1157 2298 ffbpographia,
1183 2235 1217 2272 a
1251 2225 1603 2297 τόπον-γράφω
1621 2265 1636 2292 ,
1665 2218 1860 2275 locum
1886 2214 2139 2298 depingo
2152 2259 2176 2289 ,
2206 2228 2295 2278 est

512 2309 738 2391 poetica
777 2309 1082 2390 descriptio
1123 2309 1420 2386 locorum,
1462 2315 1529 2370 ut
1578 2312 1913 2393 regionum,
1959 2312 2254 2373 montium
2277 2357 2294 2389 ,

513 2405 846 2490 sylvarum,
882 2405 1126 2483 aedium,
1161 2405 1473 2466 hortorum
1507 2419 1620 2469 etc.
1647 2407 1853 2486 Qualis
1883 2420 1967 2470 est
1994 2406 2119 2471 haec
2156 2409 2290 2472 des-

514 2504 722 2588 criptio
754 2501 987 2587 portfis,
1029 2504 1096 2565 in
1128 2524 1305 2587 quem
1338 2501 1592 2564 AEneam·
1613 2515 1946 2589 tempestate
1977 2506 2292 2590 depulsum

516 2613 713 2664 narrat
735 2601 1048 2684 Virgilius,
1080 2601 1188 2663 lib.
1221 2622 1276 2663 1.
1301 2599 1442 2661 AEn.

716 2769 805 2820 Est
832 2769 889 2820 in
911 2785 1104 2820 secessu
1131 2768 1280 2836 longo
1303 2768 1472 2834 locus3
1495 2767 1661 2818 insula
1684 2777 1888 2837 portum

649 2851 821 2923 Efficit
840 2854 1041 2919 objectu
1060 2842 1310 2918 lalerum,
1333 2854 1521 2919 quibus
1543 2852 1712 2904 omnis
1735 2854 1798 2903 ab
1821 2853 1925 2904 alto

649 2935 944 3004 Frangitur,
964 2937 1124 3004 inque
1144 2937 1291 2988 sinus
1308 2936 1492 2988 scindit
1510 2952 1618 2987 sese
1643 2937 1779 2986 unda
1798 2937 2049 2988 reductos.
2104 2997 2111 3002 .

648 3017 791 3070 Hinc
807 3027 961 3086 atque
980 3021 1277 3089 hincvastas
1298 3037 1448 3088 rupes
1468 3019 1761 3087 geminique
1781 3018 2049 3071 minantur

650 3101 715 3154 In
735 3102 925 3154 coelum
942 3104 1161 3172 scopuli,
1182 3121 1407 3171 quorum
1429 3092 1522 3154 sub
1542 3103 1734 3155 vertice
1753 3103 1854 3154 late

656 3183 885 3252 AEquora
907 3171 1021 3236 tuta
1040 3187 1193 3238 silent
1210 3208 1226 3252 ς
1252 3196 1369 3240 tum
1390 3188 1536 3239 silvis
1552 3203 1699 3239 scena
1716 3185 1936 3238 coruscis

654 3269 889 3337 Desuper
912 3269 1249 3335 horrentique
1273 3281 1446 3324 atrum
1472 3272 1654 3324 nemus
1676 3270 1919 3322 imminet
1938 3272 2141 3323 umbi-ff.

654 3354 845 3406 Fronte
862 3355 957 3404 sub
980 3354 1186 3406 adversa
1209 3357 1428 3426 scopulis
1452 3354 1789 3426 pendentibus
1805 3363 2044 3421 antrum3
2123 3370 2130 3377 ‘
