2520 4211
1219 214 1513 370 (126)

522 467 539 484 .
580 397 718 481 Huc
739 418 985 480 refertur
1010 417 1358 501 Epithetnm
1382 422 1608 492 melior,
1635 419 1796 502 quod
1811 465 1828 497 ,
1857 420 1904 482 si
1932 431 2085 483 recte
2113 443 2281 483 usur-

505 527 700 600 patur,
741 536 1015 597 magnam
1059 515 1237 577 habet
1279 516 1666 599 elegantiam.
1687 519 1777 579 Ita
1818 516 2168 601 Deiphobus
2211 522 2279 581 in

499 615 698 677 inferis
726 614 973 674 AEneam
995 614 1318 697 alloquitur
1344 639 1359 674 ε

701 749 726 802 Ῑ
750 749 926 815 decus,
945 749 963 797 i
983 757 1248 815 nostrum
1273 745 1569 799 melioribus
1594 756 1739 800 utere
1759 746 1894 799 fatis.

578 877 740 937 Idem
772 877 1059 959 Virgilius
1096 877 1168 938 de
1205 878 1404 959 priscis
1432 877 1701 959 Trojanae
1734 880 1923 961 gentis
1964 878 2244 984 heroibus
2266 924 2286 957 ,

498 976 603 1055 qui
627 974 824 1057 patriae
843 976 1342 1064 expugnationem
1365 998 1489 1036 non
1511 977 1799 1053 viderant,
1822 982 1942 1056 ait·

633 1090 950 1183 Magnanimi
970 1113 1175 1182 heroes,
1201 1115 1311 1166 nati
1331 1114 1629 1167 melioribus
1649 1115 1816 1167 annis.

578 1243 643 1303 5⁰
694 1244 921 1305 Futura
966 1245 1419 1328 Participiorum
1468 1267 1576 1328 pro
1622 1245 1911 1329 Epithetis
1958 1256 2235 1329 usurpata
2252 1263 2286 1321 ‚‘

497 1343 754 1403 multum
789 1344 1088 1426 elegantiae
1120 1365 1556 1427 nonnunquam
1591 1344 1658 1404 in
1695 1365 1919 1404 versum
1951 1343 2274 1404 invehunt.

497 1444 587 1500 Ita
620 1443 892 1501 Lucanus
915 1440 1214 1501 Phoenices
1240 1440 1565 1501 litterarum
1589 1442 1918 1503 inventores
1939 1440 2268 1517 celebrans,

500 1537 789 1619 eleganter
816 1537 970 1596 dixit
1001 1561 1015 1597 t

698 1667 965 1719 Phoenices
992 1668 1174 1736 primi,
1200 1669 1347 1719 famae
1365 1669 1408 1720 si
1428 1670 1676 1737 creditur,
1697 1671 1806 1721 ausi

697 1754 1012 1804 Mansuram
1033 1754 1242 1804 rudibus
1260 1772 1439 1806 vocem
1458 1756 1655 1824 signare
1674 1755 1866 1824 figuris.

573 1886 713 1946 Non
736 1887 934 1950 minus
954 1885 1247 1970 eleganter
1273 1888 1562 1970 Virgilius
1575 1889 1647 1950 de
1669 1888 1818 1971 pinu
1838 1887 2031 1947 dixit.

698 2025 945 2082 Nascitur
964 2038 1012 2079 et
1032 2046 1174 2080 casus
1192 2028 1329 2079 abies
1348 2030 1535 2080 visum
1555 2029 1797 2079 marinos.

491 2161 561 2221 Id
581 2172 693 2238 est,
718 2161 916 2222 futura
939 2137 1258 2242 aliquando
1279 2160 1463 2221 navis.

571 2259 639 2316 60
680 2260 1067 2338 Appositum,
1090 2259 1251 2340 quod
1274 2278 1446 2340 supra
1468 2279 1530 2339 p.
1553 2276 1651 2338 90.
1675 2279 1731 2317 c.
1753 2257 1812 2315 3.
1832 2256 1904 2316 de
1927 2255 2268 2331 Idiotismis,

488 2354 852 2433 explicatum
869 2355 985 2413 fuit
993 2354 1325 2435 ,eleganter
1346 2355 1667 2437 aliquando
1689 2351 1955 2435 Epitheti
1973 2353 2097 2414 vice
2123 2353 2269 2415 fun·

488 2452 666 2532 gitur,
695 2461 752 2511 et
774 2469 1049 2530 magnam
1072 2450 1325 2510 versibus
1344 2452 1591 2531 gratiam
1618 2452 1791 2532 parit.
1815 2455 1889 2512 V.
1913 2472 1968 2533 g.

686 2597 796 2652 Nec
814 2607 988 2650 tamen
1007 2598 1202 2649 interea
1224 2615 1391 2650 raucae
1404 2637 1419 2665 ,
1443 2607 1538 2649 tua
1557 2615 1716 2664 cum,
1734 2600 2020 2669 palumbes,

683 2685 792 2738 Nec
817 2700 1017 2752 gemere
1040 2682 1177 2735 aeria
1196 2683 1407 2735 cessabit
1429 2692 1606 2735 turtur
1625 2685 1687 2735 ab
1708 2683 1868 2736 ulmo.
1968 2682 2131 2738 Vmo.

685 2771 776 2823 Ah
796 2770 932 2821 male
953 2770 1152 2837 quaesiti
1171 2808 1186 2836 ,
1205 2769 1515 2821 damnorum
1531 2772 1767 2835 semina,
1789 2770 2011 2822 nummi.

683 2854 846 2908 Curia
860 2893 875 2921 ,
905 2863 1151 2922 proetexto
1170 2871 1286 2921 quaa
1302 2871 1447 2905 nuuc
1469 2854 1601 2906 nitet
1620 2855 1723 2906 alta
1743 2864 1952 2920 senatu,

684 2939 892 2991 Pellitos
913 2940 1120 3007 babuit,
1144 2941 1348 2991 rustica
1363 2938 1552 3003 corda,
1577 2948 1756 3008 patres.
1958 2937 2054 2992 Pn.

558 3071 837 3132 Praeterea
859 3083 1130 3154 tyrones,
1165 3072 1309 3132 dum
1342 3069 1582 3133 lectioni
1604 3070 1918 3131 Poetarum
1941 3070 2088 3131 dant
2111 3093 2262 3154 ope-

478 3190 602 3228 ram
618 3213 638 3245 ,
681 3168 989 3250 diligenter
1031 3170 1421 3231 observabunt
1458 3169 1737 3252 Epitheta
1775 3169 2041 3252 quaedam
2057 3215 2075 3246 ,
2124 3190 2265 3252 quae

361 3338 369 3348 ,
444 3255 449 3260 ’
482 3267 770 3350 peculiare
796 3268 941 3349 quid
967 3287 1035 3327 ac
1059 3268 1346 3328 eximium
1378 3278 1622 3343 sonant,
1654 3279 1713 3328 et
1737 3269 1810 3328 de
1842 3265 2070 3350 quibus
2086 3267 2265 3326 nulla

482 3377 633 3427 certa
655 3364 854 3446 regula
877 3372 1062 3446 potest
1082 3366 1275 3426 statui.
1297 3365 1519 3427 Passim
1535 3363 1748 3426 horum
1770 3364 2039 3444 exempla
2059 3385 2264 3446 carpes
