2520 4211
1247 330 1524 423 (ωε)

502 478 670 561 plura
696 477 847 539 circa
880 474 1038 535 hanc
1065 474 1365 535 materiam
1393 472 1559 553 cupit
1585 470 1774 552 legere
1791 513 1808 543 ‚
1836 470 2002 531 adeat
2028 490 2155 552 cap.
2180 466 2272 530 ιδ.

499 575 633 635 libri
661 575 854 658 quarti
882 571 1139 633 Poe'tices
1161 571 1198 631 J
1202 612 1220 630 .
1240 568 1540 650 Scaligeri.
1569 568 1767 629 Lectio
1796 568 2059 649 Virgilii,
2085 568 2279 636 Hora·

499 674 568 733 tii
585 717 604 747 ,
629 673 997 753 aliorumque
1023 670 1382 753 optimorum
1411 668 1713 752 poetaram
1740 667 1857 726 vim
1879 676 1939 726 et
1959 664 2280 727 efficaciam

499 769 856 852 poeticarum
888 789 1098 828 vocum
1141 766 1351 828 melius
1394 786 1574 846 qnam
1615 764 2025 846 praeceptiones
2062 775 2281 824 nostuae

499 866 1006 929 demonstrabunt.
1055 863 1492 926 concludemus
1536 872 1713 943 caput
1758 860 1873 921 hoc
1914 861 2280 921 ostendendo

499 984 680 1047 quam
714 963 987 1046 graphice
1008 960 1295 1043 Virgilius
1318 981 1452 1021 usus
1475 961 1550 1030 sit
1574 958 1751 1020 verbo
1761 958 2049 1036 pendere,
2072 958 2148 1019 ad
2171 978 2281 1018 va-

501 1063 713 1123 riarum
737 1083 930 1123 rerum
956 1061 1238 1142 imagines
1258 1059 1504 1120 feliciter
1521 1055 1947 1124 adumbrandas
1972 1080 1988 1113 ε

501 1203 527 1236 ι
703 1184 780 1236 Ite
799 1201 924 1235 meae
945 1184 1204 1251 quondam
1228 1182 1356 1233 felix
1378 1198 1554 1250 pecus,
1580 1181 1651 1231 ite
1673 1179 1904 1248 capellae3

675 1333 679 1337 ,
700 1270 821 1325 Non
842 1287 932 1337 ego
952 1286 1040 1319 vos
1059 1270 1264 1337 posthac
1287 1267 1440 1318 viridi
1461 1269 1711 1334 projectus
1730 1265 1789 1315 in
1809 1274 1980 1332 anti-03

702 1352 933 1405 Dumosa
945 1351 1174 1421 pendete
1194 1350 1374 1419 procul
1393 1350 1454 1399 de
1476 1365 1604 1417 rupe
1621 1348 1821 1400 videbo.
2017 1367 2037 1401 ι
2065 1347 2206 1400 Ean.

581 1464 754 1524 Dima
770 1462 977 1536 Poeta,
996 1483 1118 1534 non
1133 1482 1236 1540 ego
1258 1481 1370 1520 vos
1391 1462 1841 1552 altdpaseentes
1863 1481 2010 1539 rupe
2030 1460 2274 1531 videbo,

502 1570 728 1636 narrat3
754 1558 1028 1618 adhibeat
1046 1578 1250 1619 vocem
1266 1559 1523 1636 pendere
1532 1600 1556 1631 ,
1578 1569 1638 1620 et
1659 1557 1907 1641 capellas
1929 1578 1962 1618 e
1985 1578 2169 1641 praeru
2176 1558 2277 1641 pta

502 1678 645 1738 rupe
666 1655 830 1738 quasi
847 1674 1143 1736 suspensas
1164 1654 1390 1736 aspicis.

636 1777 709 1830 Hi
728 1794 935 1828 summo
950 1777 1008 1828 in
1031 1778 1191 1829 fluctu
1206 1776 1472 1846 pendent,
1494 1775 1576 1829 his
1597 1743 1735 1829 unda
1754 1778 2019 1829 dehiscens

632 1863 852 1916 Terram
873 1861 1011 1913 inter
1032 1863 1217 1914 flnctus
1239 1863 1423 1921 aneu-ik:
1793 1882 1813 1915 ι
1841 1862 1929 1915 AE.

581 1970 1012 2048 Substituatur‚
1041 1974 1110 2031 ln·
1143 1977 1372 2033 summo
1400 1976 1466 2032 in
1474 1975 1682 2054 fluctu
1712 1987 2029 2052 apparent,
2054 1974 2280 2057 deperit

500 2091 637 2131 cum
674 2072 929 2153 imagine
962 2083 1224 2134 venustas
1239 2118 1257 2149 ,
1296 2093 1427 2155 quae
1460 2085 1597 2133 voce
1620 2074 1883 2152 pendent
1888 2102 1910 2145 3
1939 2083 2000 2134 et
2032 2073 2277 2154 quidem

501 2169 594 2229 ibi‘
621 2169 904 2230 collocata
939 2172 1309 2245 continetur3
1340 2191 1511 2244 nam,
1550 2171 1620 2228 ki
1646 2171 1913 2250 pendent
1943 2193 2173 2233 summo
2205 2176 2277 2232 in

483 2270 710 2347 fluctu,
735 2287 862 2329 non
882 2265 1127 2326 eandem
1150 2266 1330 2327 habet
1351 2266 1722 2346 elegantiam.

644 2430 827 2445 ......
858 2395 1104 2448 Pendent
1117 2413 1269 2463 opera
1287 2396 1574 2463 interrupta
1600 2397 1856 2463 minaeque

634 2479 904 2531 Mororum
923 2478 1155 2545 ingentes
1170 2515 1185 2541 ,
1204 2487 1503 2545 aequataque
1520 2480 1757 2531 machina
1780 2480 1923 2532 coelo.
2060 2481 2089 2547 4
2113 2479 2203 2534 AE.

515 2638 523 2647 -
581 2599 816 2678 Quanta
849 2595 1282 2679 magnificentia
1309 2597 1375 2658 in
1403 2596 1617 2674 verbis,
1644 2603 1827 2660 minae
1852 2603 2114 2682 ingentes
2133 2622 2275 2659 mu-

502 2717 721 2768 mmm,
754 2718 859 2779 pro
892 2697 1072 2757 muris
1097 2696 1257 2756 altis!
1289 2695 1372 2779 Ayt
1399 2716 1513 2756 vox
1528 2697 1789 2774 pendent
1812 2707 2104 2780 quantum
2129 2695 2276 2762 huic

502 2793 870 2877 descriptioni
908 2794 1230 2877 splendoris
1259 2793 1449 2853 addit!
1488 2794 1685 2871 Quam
1724 2792 1933 2875 frigida
1971 2793 2122 2855 foret
2157 2817 2274 2856 ex-

503 2893 712 2974 pressio
728 2937 743 2965 ,
773 2904 1015 2961 manent
1036 2913 1216 2971 opera
1240 2895 1603 2970 interrupta!

638 3013 827 3065 Fronte
841 3015 938 3065 sub
953 3015 1158 3066 adversa
1176 3014 1394 3084 scopulis
1404 3014 1756 3085 pendentibus
1776 3023 2001 3066 antrum.
2065 3030 2086 3065 1
2111 3012 2202 3068 Ε.

582 3121 811 3181 Annon
836 3120 1079 3183 exhibet
1107 3120 1208 3182 hic
1241 3141 1435 3184 versus
1471 3122 1784 3203 imaginem
1819 3123 2056 3242 rupium
2090 3124 2278 3186 instar

505 3217 740 3279 fornicis
767 3218 1269 3298 prominentium?

646 3365 1133 3382 ...............
1169 3330 1425 3382 Undantia
1453 3333 1559 3382 lora

637 3409 981 3467 Concessere
965 3415 1097 3483 jugis
1112 3451 1128 3480 ,
1151 3417 1402 3484 pronique
1419 3416 1476 3468 in
1497 3417 1710 3468 verbera
1724 3415 1973 3486 pendent.
2070 3416 2103 3468 5
2126 3415 2217 3470 ΑΕ.
