2520 4211
1315 304 1342 393 (
1394 307 1515 383 ¹50
1559 302 1585 393 )

1044 575 1051 580 -
1153 514 1517 605 CAPUT
1565 527 1711 603 lx.

569 739 694 821 De
743 688 1133 822 Piaesidiis
1176 748 1292 821 ‘ad
1335 748 1639 821 Pee‘sim
1685 694 2299 845 consequendam.

632 971 913 1049 Quamvis
954 973 1138 1055 poetae
1179 983 1521 1053 nascantur,
1556 993 1625 1033 ae
1662 972 1785 1033 sine
1825 971 2020 1031 afflatu
2061 968 2324 1052 quodam

551 1068 766 1131 furoris
802 1069 986 1131 divini
1019 1090 1192 1131 nemo
1225 1070 1490 1131 Parnassi
1518 1069 1656 1151 juga
1681 1068 1866 1129 valeat
1898 1066 2320 1140 conscendere,

552 1187 680 1227 non
704 1175 904 1228 tamen
939 1167 1294 1229 credendum
1319 1178 1434 1243 est,
1466 1166 1695 1228 felicem
1730 1175 1999 1226 naturam
2033 1164 2113 1223 ita
2154 1163 2327 1225 suffi-

555 1281 703 1341 cere,
713 1275 784 1325 ut
796 1264 964 1326 nulla
978 1265 1284 1344 disciplina
1296 1265 1540 1327 nullove
1552 1264 1778 1325 auxilio
1794 1261 2225 1343 aliunde'petito
2239 1261 2328 1321 in·

554 1361 748 1442 digeat
767 1385 782 1422 ε
809 1382 948 1422 nam
968 1347 1275 1444 ingenium
1292 1362 1462 1421 etiam
1487 1360 1982 1443 generosissimum
1994 1403 2012 1435 ,
2026 1358 2137 1420 nisi
2154 1358 2329 1420 ratio·

555 1457 646 1517 nis
666 1456 838 1518 cultae
853 1457 1023 1517 freno
1050 1458 1350 1539 dirigatur,
1373 1456 1595 1517 aberrat
1611 1453 1646 1516 a
1662 1466 1819 1518 recto
1836 1455 2084 1531 tramite,
2100 1477 2328 1541 perque

557 1553 684 1613 avia
700 1554 824 1624 sine
844 1574 1003 1615 more
1022 1564 1291 1667 vaga-tum
1309 1574 1375 1615 ac
1393 1554 1564 1635 pauci
1583 1561 1746 1618 sunt
1732 1599 1749 1630 ,
1768 1557 1871 1638 qui
1893 1576 1968 1617 ex
1986 1556 2325 1638 semetipsis,

554 1650 717 1711 velut
743 1650 907 1711 fonte
932 1652 1207 1729 perenni,
1237 1654 1436 1712 omnia
1470 1650 1702 1714 haurire
1732 1663 1971 1734 queant.
1997 1654 2224 1730 Quare,
2257 1665 2330 1715 ut

556 1746 699 1808 rude
736 1746 1044 1809 metallum
1080 1771 1112 1810 e
1148 1733 1364 1809 fodinis
1402 1748 1503 1809 ubi
1536 1748 1680 1809 latet
1712 1748 2067 1832 eruendum,
2110 1750 2327 1811 deinde

482 1861 489 1864 ·
557 1844 749 1905 multo
768 1867 904 1907 cum
925 1844 1118 1907 labore
1138 1846 1557 1932 expoliendum
1578 1855 1693 1922 est,
1719 1855 1788 1907 ut
1802 1845 2025 1925 luceat3
2010 1846 2125 1912 ·sie
2138 1867 2326 1908 emer-

555 1963 688 2024 gere
723 1953 783 2004 et
822 1941 1046 2025 fulgere
1086 1944 1298 2027 nequit
1335 1943 1560 2025 ingenii
1596 1943 1802 2006 lumen
1821 1986 1839 2018 ‚
1881 1942 1993 2004 nisi
2030 1942 2321 2021 lectione,

557 2038 971 2104 exercitatione
991 2051 1048 2102 et
1072 2041 1399 2115 imitatione
1428 2042 1768 2125 ignorantiae
1787 2038 1986 2100 ‘nubes
2016 2038 2323 2122 depellan-

556 2147 677 2198 tur.
704 2136 906 2199 Lectio
933 2140 1214 2223 praecedat
1229 2186 1246 2215 ‚
1276 2150 1538 2201 teneatur
1558 2137 1699 2220 styli
1724 2137 1937 2212 forma,
1962 2136 2326 2200 imitatione-

556 2254 673 2314 que
688 2235 1112 2296 transferantur
1136 2237 1202 2297 in
1228 2237 1497 2296 animum
1518 2246 1781 2296 nostrum
1809 2235 2075 2314 virtutes,
2107 2235 2325 2318 quibus

554 2329 695 2389 clari
726 2341 881 2392 vates
917 2332 1307 2394 immortalem
1340 2332 1448 2394 sibi
1479 2333 1723 2414 gloriam
1749 2343 2119 2416 pepererunt.
2142 2331 2326 2395 Unde

554 2426 834 2509 sequitur,
871 2438 1081 2507 praeter
1106 2429 1244 2489 artis
1279 2439 1585 2511 praecepta,
1620 2429 1730 2488 tria
1757 2449 1873 2491 esse
1905 2427 2173 2511 quibus
2152 2449 2326 2510 mge-

552 2521 724 2603 nium
750 2523 1047 2601 poeticum
1076 2523 1397 2604 adjuvetur,
1429 2524 1647 2587 scilieet
1672 2526 2039 2632 Lectionem,
2069 2527 2328 2587 Exerci-

553 2622 834 2681 tationem
854 2631 912 2684 et
934 2622 1359 2682 Imitationem.

633 2719 711 2780 In
730 2718 846 2781 hoe
866 2741 995 2803 eap-
1016 2741 1325 2804 sequemur
1340 2720 1628 2804 praecipue
1644 2720 1936 2784 laudatam
1952 2741 2124 2803 supra
2140 2733 2325 2784 artem

555 2815 885 2895 metricam,
918 2827 975 2877 et
997 2817 1221 2878 Donati
1239 2829 1422 2879 artem
1449 2817 1755 2901 poeticam.

1134 2954 1177 3066 §
1217 3005 1267 3043 1.
1285 2960 1403 3044 ¹..De
1440 2952 1735 3045 Lectione.

642 3147 970 3207 Utilitatem
1007 3151 1290 3210 lectionis
1308 3172 1484 3212 nemo
1523 3151 1785 3234 ignorat3
1824 3150 1928 3210 alit
1964 3151 2123 3212 enim
2157 3153 2328 3233 inge-

550 3246 749 3321 nium,
775 3243 966 3306 studio
997 3244 1304 3326 fatigatum
1338 3258 1498 3330 grate
1533 3247 1745 3323 reficit,
1771 3258 1829 3308 et
1859 3248 1933 3309 ad
1962 3268 2115 3309 nova
2137 3268 2328 3311 exco-

549 3340 788 3423 gitanda
817 3338 1070 3400 suscitat.
1108 3341 1286 3417 Quod
1321 3345 1545 3427 egregia
1581 3344 1964 3426 similitudine
2003 3344 2206 3409 cicero
2244 3347 2327 3408 sic
