2520 4211
1270 336 1542 429 (154)

528 482 658 550 tuas
675 483 915 555 obruat,
939 501 1164 546 memor
1178 478 1356 560 hujus
1375 471 1656 564 praecepti
1669 477 2018 596 Horatiani
1999 498 2063 540 m
2085 474 2204 598 Ep.
2227 476 2299 548 ad

528 576 810 646 Pisones:

734 742 937 794 Sumite
956 742 1226 809 materiam
1245 740 1456 806 vestris,
1480 740 1573 808 qui
1596 737 1842 804 scribitis,
1870 755 2067 815 oequam

731 823 973 891 Viribus,
999 836 1052 877 et
1073 834 1273 882 versate
1291 827 1379 876 diu
1396 862 1413 892 ,
1432 825 1560 894 quid
1581 823 1717 876 ferre
1741 833 1975 876 recusent

730 909 876 1022 Quid
898 909 1101 963 valeant
1122 910 1350 962 humeri.
1865 917 1870 926 ’

574 1127 577 1134 .
616 1072 717 1135 Ab
746 1074 990 1136 exordio
1020 1074 1280 1157 proderit
1308 1073 1565 1134 multum
1599 1094 1667 1133 ea
1702 1092 1833 1154 quae·
1871 1070 2107 1151 legeris,
2138 1070 2310 1152 qnasi

414 1253 425 1266 .
532 1172 826 1233 oernulum
848 1174 1095 1234 scribere
1107 1213 1130 1246 ‚
1155 1172 1444 1256 lectisque
1461 1172 1750 1245 conferre,
1780 1189 1848 1229 ac
1869 1166 2073 1229 sedulo
2107 1168 2305 1249 pensi-

532 1278 682 1345 tare,
707 1269 852 1352 quid
876 1280 976 1344 tu,
998 1270 1145 1352 quid
1181 1270 1283 1330 ille
1320 1268 1564 1329 melius.
1583 1265 1835 1327 Nullu‘m
1860 1264 2105 1325 dedecus
2128 1264 2190 1324 si
2201 1261 2306 1324 illo

532 1367 797 1428 mansisti
822 1365 1082 1439 inferior,
1113 1371 1396 1444 magnum
1427 1364 1877 1472 incitamentum
1905 1361 1952 1422 si
1987 1380 2121 1422 eum
2148 1379 2305 1421 asse-

533 1471 721 1525 cutus
729 1483 795 1532 es
803 1505 821 1535 ,
848 1462 1053 1542 ingens
1076 1460 1258 1541 gloria
1284 1460 1330 1520 si
1354 1460 1657 1577 superasti.
1735 1465 1738 1472 ’
1811 1467 1816 1473 ’
1959 1503 1964 1506 -

614 1558 841 1648 Deinde
875 1558 1205 1639 praecipitur
1234 1578 1311 1617 ex
1345 1557 1465 1618 una
1500 1555 1716 1638 lingua
1725 1568 1961 1632 mttere
1992 1556 2059 1615 in
2076 1553 2301 1629 aliam,

531 1675 571 1716 e
596 1643 777 1734 graeca
809 1673 910 1713 ex.
945 1673 1036 1734 gr.
1071 1653 1137 1712 in
1166 1652 1412 1713 latinam
1438 1676 1455 1711 ι
1484 1673 1625 1713 nam
1649 1652 2000 1735 hoc-genere
2020 1651 2306 1714 exercita«-

536 1749 716 1816 tionis
761 1758 994 1842 paratur
1035 1749 1348 1831 proprietas
1393 1748 1798 1831 splendorque
1824 1748 2192 1823 verborum,
2223 1746 2308 1809 vis
2356 1811 2365 1816 ,

535 1844 912 1934 explicandi,
945 1854 1005 1907 et
1042 1844 1292 1908 facultas
1323 1844 1535 1910 similia
1564 1843 1933 1924 inveniendi3
1963 1842 2138 1905 simul
2174 1863 2309 1930 quae

535 1944 831 2025 legentem
848 1942 1188 2006 fefellissent
1216 1943 1657 2005 transferentem
1678 1943 1878 2022 fugere
1898 1961 2023 2001 non
2043 1947 2308 2021 possunt.

535 2036 660 2105 Ex
679 2038 811 2101 hoc
835 2040 1253 2124 intelligentia,
1291 2048 1351 2101 et
1388 2038 1731 2121 judicium5
1747 2047 1808 2097 et
1841 2033 2077 2120 pulchri
2110 2049 2310 2100 sensus

536 2147 851 2198 acuuntur.
886 2138 977 2207 Ita
1000 2136 1223 2199 'Cicero
1237 2134 1643 2197 Demosthenis
1674 2134 1994 2195 orationem
2028 2152 2138 2214 pro
2168 2129 2312 2192 Cte-

538 2230 810 2313 siphonte
819 2275 842 2308 ,
865 2231 1171 2309 Sophoclis
1195 2231 1517 2292 Herculem
1529 2231 1844 2303 furentem,
1878 2227 2046 2288 Arati
2070 2247 2308 2288 carmen

537 2326 611 2386 de
644 2326 928 2386 astrorum
961 2327 1076 2387 situ
1108 2338 1398 2411 motuque
1413 2370 1433 2402 ,
1471 2327 1701 2429 aliaque
1738 2324 1906 2426 plura
1948 2324 2016 2384 in
2052 2322 2307 2385 latinum

537 2441 860 2484 sermonem
883 2421 1154 2481 translata
1182 2423 1387 2482 edidit.

617 2518 733 2594 At,
762 2539 839 2579 ne
861 2538 1082 2600 semper
1105 2517 1391 2580 adhaereas
1413 2518 1617 2580 alienis
1636 2521 1912 2601 vestigiis,
1938 2519 2152 2602 jubebo
2172 2540 2308 2580 sen-

535 2619 752 2677 tentia-s
791 2637 870 2677 ex
909 2615 1192 2677 industria
1229 2627 1506 2679 assumtas
1544 2618 1700 2677 vario
1733 2618 1991 2679 carmine
2022 2617 2205 2679 varias
2242 2617 2314 2678 in

537 2713 753 2776 formas
782 2714 1034 2793 -duc'ere3
1065 2729 1289 2801 semper
1308 2714 1465 2776 enim
1490 2715 1556 2776 in
1584 2702 1943 2779 adolescente
1974 2714 2310 2796 copia‘lau-

536 2809 728 2886 datur,
759 2812 918 2876 unde
939 2811 1166 2894 aliquid
1188 2813 1365 2894 possit
1383 2814 1709 2896 amputari:
1730 2813 1872 2874 item
1889 2810 2139 2889 alicujus
2158 2810 2305 2885 loci,

537 2927 793 2988 personae
807 2954 827 2984 ,
850 2910 965 2984 rei,
993 2911 1238 2971 actionis
1265 2911 1707 2989 descriptionem
1730 2910 2035 2972 studiosius
2057 2909 2311 2970 concin-

537 3018 719 3084 nare3
752 3005 905 3066 nihil
942 3007 1104 3068 enim
1139 3006 1306 3067 Poesi
1339 3005 1682 3069 familiarius
1708 3020 1900 3090 quam·
1921 3007 1989 3066 in
2022 3005 2312 3086 ejusmodi

536 3101 1023 3187 descriptionibus
1083 3104 1317 3166 evidens
1369 3102 1709 3186 explanatio
1765 3126 1783 3162 ι
1838 3113 1968 3163 tum
2026 3101 2315 3182 affictum

538 3199 905 3282 quempiam,
944 3210 1012 3259 ut
1048 3200 1171 3276 irae,
1211 3202 1455 3278 amoris,
1500 3203 1652 3284 spei,
1689 3199 2029 3275 anxietatis,
2069 3199 2270 3281 gaudii
2298 3243 2315 3275 ,

537 3295 789 3369 timoris,
820 3294 1217 3360 misericordiae
1231 3343 1251 3372 ‚
1283 3318 1446 3360 more
1477 3299 1942 3361 Dramaticorum
1968 3296 2062 3358 vel
2084 3296 2312 3376 Epico-

538 3404 673 3452 rum
715 3390 975 3462 colorare
991 3408 1017 3469 ‚·
1053 3403 1112 3454 et
1158 3394 1277 3459 suis
1321 3386 1537 3461 lineare
1572 3395 1832 3478 partibus
1864 3418 1896 3458 ι
1923 3417 2119 3458 mor-es
2167 3396 2314 3459 item
