2520 4211
953 273 1245 364 -(7)

343 419 429 479 11.
473 418 548 477 In
585 415 892 478 condendo
914 416 1287 478 *Hexametro
1324 418 1556 501 antiqui
1596 420 1778 502 po‘e’tae
1795 464 1814 495 ‚
1855 420 2041 480 Graeci

258 528 316 577 et
349 516 547 577 Latini
570 561 587 592 ,
619 537 1058 598 nonnunquam
1092 516 1167 578 ab
1198 516 1310 581 illo
1328 517 2036 595 schematerecesserunu

258 638 465 681 verum
488 628 729 678 caveant
757 618 966 679 tirones
982 640 1061 680 ne
1079 618 1326 683 eandem
1346 617 1458 685 sibi
1475 639 1717 702 quoque
1742 617 2042 688 licentiam

262 735 589 779 concessam
611 716 851 777 credant
866 761 882 791 ‚
911 717 1024 778 nisi
1055 739 1193 778 cum
1226 702 1315 778 ars
1341 717 1464 799 ipsa
1490 716 1745 799 postulat
1776 716 1913 777 artis
1931 761 1949 790 ,
1976 727 2041 777 ut

259 815 464 887 aiunt,
504 814 914 890 violationem,
957 815 1020 875 id
1051 826 1134 877 est
1155 861 1174 892 ‚
1208 816 1324 877 nisi
1364 815 1773 893 cum.majoris
1799 814 2041 898 elegan-

242 902 355 974 ‘tiae
386 922 447 974 et
484 913 719 974 numeri
752 913 1074 975 eruditioris
1112 914 1301 996 gratia
1332 934 1367 973 a
1401 915 1701 975 communi
1729 912 1929 996 regula
1950 935 2041 975 re·

256 1011 504 1072 ceditur.
551 1014 1007 1094 Nonnunquam
1059 1012 1200 1074 licet
1242 1015 1307 1075 in
1357 1012 1544 1094 prima
1566 1013 1718 1074 sede
1764 1034 2039 1095 usurpare

255 1109 675 1191 Anapaestum:
701 1130 909 1191 ex·‚gr.

323 1256 619 1310 Vehemens
647 1258 659 1324 Ι
687 1266 740 1308 et
766 1257 1012 1327 liquildus
1040 1258 1291 1327 pulroque
1320 1258 1638 1327 silmillimus
1665 1260 1675 1326 1
1703 1259 1866 1311 amni.
1889 1259 2031 1312 HOR.

254 1390 808 1468 Proceleusmaticus
857 1399 1215 1482 quandoque
1266 1398 1512 1485 occupat
1555 1397 1747 1459 sedem
1789 1399 2033 1480 primam

253 1506 360 1556 aut
387 1495 661 1579 quintam
684 1541 701 1572 ,
737 1506 795 1556 at
829 1488 957 1556 tum
980 1543 998 1572 ‚
1031 1519 1133 1580 per
1164 1497 1348 1559 levem
1394 1498 1858 1559 contractionem
1885 1496 2034 1575 dua-

243 1614 386 1654 rum
410 1593 671 1676 priorum
695 1592 1055 1676 syllabarum
1072 1641 1091 1672 ‚
1119 1617 1217 1678 pes
1240 1595 1342 1658 ille
1364 1595 1568 1658 eodem
1592 1596 1709 1658 fere
1736 1617 1881 1658 sono
1901 1592 2035 1678 pro‘-

252 1692 391 1752 ferri
414 1690 582 1753 debet
605 1713 725 1774 quo
753 1694 1042 1776 Dactylus
1070 1718 1083 1753 :
1112 1716 1210 1756 ex.
1239 1717 1302 1776 g.

331 1820 448 1875 Non
474 1820 728 1888 Praeltoris
757 1825 884 1890 elrat
910 1826 1027 1876 dare
1057 1828 1066 1894 Ι
1095 1826 1265 1878 stultis
1294 1828 1305 1894 1
1335 1797 1514 1878 te'nflffi
1541 1829 1551 1895 Ι
1581 1826 1773 1909 rerum.
1843 1823 2000 1877 Pens.

250 1942 438 2002 Primi
464 1945 643 2026 poetae
663 1945 1019 2028 'frequenter
1053 1948 1119 2008 in
1155 1947 1419 2021 Catalexi
1438 1994 1457 2025 ‚
1481 1947 1551 2010 h.
1582 1947 1830 2025 &sexta
1864 1945 1992 2008 sede
2017 1993 2033 2022 ‚

253 2045 344 2105 usi
369 2056 505 2107 sunt
533 2046 736 2108 lambo
763 2071 776 2104 ε
802 2067 902 2107 ex.
930 2069 1017 2130 gr.
1287 2060 1292 2065 '

394 2184 566 2232 Livius
584 2183 671 2231 ille
694 2192 834 2231 vetus
857 2183 1013 2231 Graio
1036 2184 1337 2247 cognomine
1356 2183 1459 2233 sija-e

393 2272 578 2320 Inserit
605 2272 751 2319 Inoni
773 2288 940 2320 versus
959 2307 973 2334 ‚
1001 2283 1128 2337 puto
1149 2304 1164 2331 ,
1189 2272 1285 2321 tale
1313 2271 1559 2322 doci'mffn.
1632 2274 1757 2322 Tan.
1783 2273 2026 2322 Munius.

248 2388 347 2450 Ad
383 2388 830 2472 significandam
871 2413 995 2467 rem
1044 2393 1265 2460 lentam
1286 2439 1302 2470 ,
1331 2394 1550 2455 tristem
1572 2440 1591 2469 ‚
1615 2414 1706 2458 ‚acff
1734 2393 1902 2455 mole.
1928 2395 2031 2455 sua

236 2485 415 2571 ‚quasi
435 2488 860 2572 subsidentem,
891 2492 1184 2576 eleganter
1206 2515 1352 2577 saepe
1377 2492 1683 2578 Spondeus
1705 2492 2030 2577 Dactylum
2078 2529 2089 2542 »

248 2585 497 2669 expellit
524 2589 735 2671 quinta
771 2590 938 2666 scde;
977 2591 1076 2652 sed
1105 2602 1253 2654 tunc
1272 2637 1291 2669 ‚
1326 2614 1404 2653 ne
1443 2590 1789 2674 Rhythmus
1828 2590 2030 2651 evadat
2117 2673 2120 2676 .

250 2684 448 2746 durior
470 2730 487 2760 ‚
545 2698 786 2769 quartus
833 2688 1034 2748 saltem
1084 2710 1184 2769 pes
1233 2690 1307 2748 sit
1370 2688 1673 2767 Dactylus.
1722 2686 2027 2765 Ejusmodi

251 2803 416 2845 versu
455 2783 770 2867 spondaico
819 2784 1102 2865 Virgilius
1146 2784 1435 2866 aptissime
1482 2782 1762 2844 indicavit
1817 2780 2025 2844 fictum

249 2891 545 2964 stuporem
582 2882 739 2965 capti
775 2882 1013 2943 Sinonis
1042 2905 1056 2940 ε

393 3016 664 3080 Constitit,
693 3027 840 3082 atque
867 2997 1027 3067 oculis
1052 3018 1269 3085 Phrygia
1295 3018 1487 3085 agmina
1508 2987 1876 3086 circumspexn.

192 3125 199 3132 ⁸
244 3134 390 3294 golt:
422 3137 620 3200 minus
641 3138 875 3221 elegans
901 3150 985 3200 est
1016 3138 1115 3202 hi‘c
1136 3141 1494 3224 Hieronymi
1519 3141 1717 3237 yidae,
1740 3141 1814 3204 de
1839 3151 2022 3202 morte

370 3234 463 3295 ‘sti
499 3258 514 3293 :

429 3373 815 3442 Supremumque
835 3388 1006 3423 turm
1023 3404 1040 3437 ,
1068 3388 1258 3439 ponens
1280 3386 1432 3441 capnt
1449 3410 1465 3440 ‚
1489 3381 1758 3441 &xpri-ivn.
