<?xml version="1.0" encoding="UTF-8"?>
<!DOCTYPE html PUBLIC "-//W3C//DTD XHTML 1.0 Transitional//EN"
    "http://www.w3.org/TR/xhtml1/DTD/xhtml1-transitional.dtd">
<html xmlns="http://www.w3.org/1999/xhtml" xml:lang="en" lang="en">
 <head>
  <title>
</title>
<meta http-equiv="Content-Type" content="text/html;charset=utf-8" />
  <meta name='ocr-system' content='tesseract 3.04.00' />
  <meta name='ocr-capabilities' content='ocr_page ocr_carea ocr_par ocr_line ocrx_word'/>
</head>
<body>
  <div class='ocr_page' id='page_1' title='image "./manualepoeticum00kerzgoog_0110.png"; bbox 0 0 2520 4211; ppageno 0'>
   <div class='ocr_carea' id='block_1_1' title="bbox 462 283 2326 999">
    <p class='ocr_par' dir='ltr' id='par_1_1' title="bbox 462 283 2326 999">
     <span class='ocr_line' id='line_1_1' title="bbox 1284 283 1513 373; baseline 0.004 -1"><span class='ocrx_word' id='word_1_1' title='bbox 1284 284 1309 372; x_wconf 97' lang='lat'><strong>(</strong></span> <span class='ocrx_word' id='word_1_2' title='bbox 1355 285 1441 373; x_wconf 81' lang='lat'>98</span> <span class='ocrx_word' id='word_1_3' title='bbox 1488 283 1513 373; x_wconf 92' lang='lat'>)</span> 
     </span>
     <span class='ocr_line' id='line_1_2' title="bbox 510 422 2297 510; baseline 0.004 -28"><span class='ocrx_word' id='word_1_4' title='bbox 510 422 865 485; x_wconf 85' lang='lat' dir='ltr'>Audaciores</span> <span class='ocrx_word' id='word_1_5' title='bbox 899 422 1255 508; x_wconf 79' lang='lat' dir='ltr'>Metaphorae</span> <span class='ocrx_word' id='word_1_6' title='bbox 1291 446 1733 510; x_wconf 87' lang='lat' dir='ltr'>nonnunquam</span> <span class='ocrx_word' id='word_1_7' title='bbox 1765 427 1981 489; x_wconf 72' lang='lat' dir='ltr'>inserta</span> <span class='ocrx_word' id='word_1_8' title='bbox 2011 428 2127 490; x_wconf 81' lang='lat' dir='ltr'>levi</span> <span class='ocrx_word' id='word_1_9' title='bbox 2159 449 2297 489; x_wconf 87' lang='lat' dir='ltr'>cor-</span> 
     </span>
     <span class='ocr_line' id='line_1_3' title="bbox 509 520 2326 607; baseline 0.003 -25"><span class='ocrx_word' id='word_1_10' title='bbox 509 521 763 582; x_wconf 82' lang='lat' dir='ltr'>rectione</span> <span class='ocrx_word' id='word_1_11' title='bbox 787 522 1040 603; x_wconf 86' lang='lat' dir='ltr'>mitigari</span> <span class='ocrx_word' id='word_1_12' title='bbox 1069 532 1367 605; x_wconf 83' lang='lat' dir='ltr'>poterunt.</span> <span class='ocrx_word' id='word_1_13' title='bbox 1396 520 1465 582; x_wconf 80' lang='lat'>6⁰</span> <span class='ocrx_word' id='word_1_14' title='bbox 1492 525 1747 585; x_wconf 90' lang='lat' dir='ltr'>Demum</span> <span class='ocrx_word' id='word_1_15' title='bbox 1780 525 1921 607; x_wconf 83' lang='lat' dir='ltr'>fuge</span> <span class='ocrx_word' id='word_1_16' title='bbox 1942 526 2326 588; x_wconf 68' lang='lat' dir='ltr'>immodera-‹</span> 
     </span>
     <span class='ocr_line' id='line_1_4' title="bbox 462 620 2298 708; baseline 0.004 -30"><span class='ocrx_word' id='word_1_17' title='bbox 462 639 463 642; x_wconf 45' lang='lat'>¹</span> <span class='ocrx_word' id='word_1_18' title='bbox 509 632 631 679; x_wconf 82' lang='lat' dir='ltr'>tam</span> <span class='ocrx_word' id='word_1_19' title='bbox 653 620 1131 703; x_wconf 90' lang='lat' dir='ltr'>Metaphorarum</span> <span class='ocrx_word' id='word_1_20' title='bbox 1155 623 1685 695; x_wconf 81' lang='lat' dir='ltr'>coacervationem3</span> <span class='ocrx_word' id='word_1_21' title='bbox 1709 623 1830 706; x_wconf 74' lang='lat' dir='ltr'>quo</span> <span class='ocrx_word' id='word_1_22' title='bbox 1852 624 2014 684; x_wconf 92' lang='lat' dir='ltr'>enim</span> <span class='ocrx_word' id='word_1_23' title='bbox 2031 645 2119 685; x_wconf 86' lang='lat' dir='ltr'>res</span> <span class='ocrx_word' id='word_1_24' title='bbox 2136 644 2298 708; x_wconf 80' lang='lat' dir='ltr'>quae-</span> 
     </span>
     <span class='ocr_line' id='line_1_5' title="bbox 506 716 2293 805; baseline 0.003 -29"><span class='ocrx_word' id='word_1_25' title='bbox 506 717 644 776; x_wconf 90' lang='lat' dir='ltr'>dam</span> <span class='ocrx_word' id='word_1_26' title='bbox 670 716 1002 797; x_wconf 88' lang='lat' dir='ltr'>jucundior,</span> <span class='ocrx_word' id='word_1_27' title='bbox 1032 740 1102 779; x_wconf 91' lang='lat' dir='ltr'>eo</span> <span class='ocrx_word' id='word_1_28' title='bbox 1125 719 1328 796; x_wconf 90' lang='lat' dir='ltr'>citius,</span> <span class='ocrx_word' id='word_1_29' title='bbox 1359 720 1405 781; x_wconf 81' lang='lat' dir='ltr'>si</span> <span class='ocrx_word' id='word_1_30' title='bbox 1431 720 1584 781; x_wconf 89' lang='lat' dir='ltr'>ultra</span> <span class='ocrx_word' id='word_1_31' title='bbox 1611 722 1855 783; x_wconf 89' lang='lat' dir='ltr'>modum</span> <span class='ocrx_word' id='word_1_32' title='bbox 1877 720 2293 805; x_wconf 82' lang='lat' dir='ltr'>profunditur,</span> 
     </span>
     <span class='ocr_line' id='line_1_6' title="bbox 508 814 2317 901; baseline 0.003 -26"><span class='ocrx_word' id='word_1_33' title='bbox 508 814 805 876; x_wconf 88' lang='lat' dir='ltr'>fastidium</span> <span class='ocrx_word' id='word_1_34' title='bbox 843 838 1039 899; x_wconf 84' lang='lat' dir='ltr'>parcre</span> <span class='ocrx_word' id='word_1_35' title='bbox 1081 817 1250 879; x_wconf 86' lang='lat' dir='ltr'>solet.</span> <span class='ocrx_word' id='word_1_36' title='bbox 1293 818 1727 882; x_wconf 85' lang='lat' dir='ltr'><strong>Observationes</strong></span> <span class='ocrx_word' id='word_1_37' title='bbox 1767 822 1887 901; x_wconf 56' lang='lat' dir='ltr'>isssae</span> <span class='ocrx_word' id='word_1_38' title='bbox 1926 841 2053 883; x_wconf 84' lang='lat' dir='ltr'>non</span> <span class='ocrx_word' id='word_1_39' title='bbox 2091 822 2317 886; x_wconf 79' lang='lat' dir='ltr'>minus&#39;</span> 
     </span>
     <span class='ocr_line' id='line_1_7' title="bbox 468 912 1796 999; baseline 0.003 -28"><span class='ocrx_word' id='word_1_40' title='bbox 468 981 481 994; x_wconf 25' lang='grc' dir='ltr'><strong>ζ</strong></span> <span class='ocrx_word' id='word_1_41' title='bbox 507 912 843 995; x_wconf 85' lang='lat' dir='ltr'>allegoriam</span> <span class='ocrx_word' id='word_1_42' title='bbox 866 926 1128 997; x_wconf 86' lang='lat' dir='ltr'>spectant</span> <span class='ocrx_word' id='word_1_43' title='bbox 1156 937 1340 999; x_wconf 89' lang='lat' dir='ltr'>quam</span> <span class='ocrx_word' id='word_1_44' title='bbox 1364 914 1796 999; x_wconf 87' lang='lat' dir='ltr'>Metaphoram.</span> 
     </span>
    </p>
   </div>
   <div class='ocr_carea' id='block_1_2' title="bbox 1071 1085 1724 1168">
    <p class='ocr_par' dir='ltr' id='par_1_2' title="bbox 1071 1085 1724 1168">
     <span class='ocr_line' id='line_1_8' title="bbox 1071 1085 1724 1168; baseline 0.003 -23"><span class='ocrx_word' id='word_1_45' title='bbox 1071 1085 1114 1168; x_wconf 63' lang='grc' dir='ltr'><strong><em>ς</em></strong></span> <span class='ocrx_word' id='word_1_46' title='bbox 1154 1106 1213 1146; x_wconf 86' lang='lat'>2.</span> <span class='ocrx_word' id='word_1_47' title='bbox 1249 1087 1349 1146; x_wconf 74' lang='lat' dir='ltr'>De</span> <span class='ocrx_word' id='word_1_48' title='bbox 1387 1087 1724 1168; x_wconf 64' lang='lat' dir='ltr'>Allegoria.</span> 
     </span>
    </p>
   </div>
   <div class='ocr_carea' id='block_1_3' title="bbox 505 1244 2294 2212">
    <p class='ocr_par' dir='ltr' id='par_1_3' title="bbox 505 1244 2294 2212">
     <span class='ocr_line' id='line_1_9' title="bbox 586 1244 2294 1328; baseline 0 -23"><span class='ocrx_word' id='word_1_49' title='bbox 586 1246 896 1328; x_wconf 80' lang='lat' dir='ltr'>Allegoria</span> <span class='ocrx_word' id='word_1_50' title='bbox 908 1292 932 1321; x_wconf 86' lang='lat'>,</span> <span class='ocrx_word' id='word_1_51' title='bbox 961 1245 1037 1306; x_wconf 88' lang='lat' dir='ltr'>ab</span> <span class='ocrx_word' id='word_1_52' title='bbox 1068 1258 1184 1310; x_wconf 75' lang='grc' dir='ltr'>ἄλλο</span> <span class='ocrx_word' id='word_1_53' title='bbox 1227 1256 1445 1327; x_wconf 76' lang='grc' dir='ltr'><strong>ἀγορίω,</strong></span> <span class='ocrx_word' id='word_1_54' title='bbox 1475 1246 1637 1306; x_wconf 88' lang='lat' dir='ltr'>aliud</span> <span class='ocrx_word' id='word_1_55' title='bbox 1667 1245 1832 1322; x_wconf 61' lang='lat' dir='ltr'>(fico,</span> <span class='ocrx_word' id='word_1_56' title='bbox 1865 1265 1991 1306; x_wconf 89' lang='lat' dir='ltr'>non</span> <span class='ocrx_word' id='word_1_57' title='bbox 2022 1244 2223 1307; x_wconf 78' lang='lat' dir='ltr'>differt</span> <span class='ocrx_word' id='word_1_58' title='bbox 2257 1266 2294 1305; x_wconf 86' lang='lat' dir='ltr'>a</span> 
     </span>
     <span class='ocr_line' id='line_1_10' title="bbox 509 1342 2294 1427; baseline 0 -24"><span class='ocrx_word' id='word_1_59' title='bbox 509 1343 882 1427; x_wconf 73' lang='lat' dir='ltr'>Metaphora,</span> <span class='ocrx_word' id='word_1_60' title='bbox 912 1345 1023 1405; x_wconf 88' lang='lat' dir='ltr'>nisi</span> <span class='ocrx_word' id='word_1_61' title='bbox 1060 1343 1221 1426; x_wconf 89' lang='lat' dir='ltr'>quod</span> <span class='ocrx_word' id='word_1_62' title='bbox 1258 1342 1736 1418; x_wconf 86' lang='lat' dir='ltr'>similitudinem,</span> <span class='ocrx_word' id='word_1_63' title='bbox 1770 1342 1940 1423; x_wconf 82' lang='lat' dir='ltr'>cujus</span> <span class='ocrx_word' id='word_1_64' title='bbox 1972 1342 2082 1405; x_wconf 84' lang='lat' dir='ltr'>sub</span> <span class='ocrx_word' id='word_1_65' title='bbox 2112 1344 2294 1403; x_wconf 82' lang='lat' dir='ltr'>invo-</span> 
     </span>
     <span class='ocr_line' id='line_1_11' title="bbox 507 1438 2291 1522; baseline -0.001 -21"><span class='ocrx_word' id='word_1_66' title='bbox 507 1440 674 1502; x_wconf 88' lang='lat' dir='ltr'>lucro</span> <span class='ocrx_word' id='word_1_67' title='bbox 712 1440 851 1501; x_wconf 84' lang='lat' dir='ltr'>latet</span> <span class='ocrx_word' id='word_1_68' title='bbox 881 1461 1046 1500; x_wconf 82' lang='lat' dir='ltr'>verus</span> <span class='ocrx_word' id='word_1_69' title='bbox 1076 1458 1274 1499; x_wconf 88' lang='lat' dir='ltr'>sensus</span> <span class='ocrx_word' id='word_1_70' title='bbox 1294 1483 1312 1516; x_wconf 88' lang='lat'>,</span> <span class='ocrx_word' id='word_1_71' title='bbox 1345 1438 1566 1501; x_wconf 90' lang='lat' dir='ltr'>diutius</span> <span class='ocrx_word' id='word_1_72' title='bbox 1601 1441 1912 1500; x_wconf 88' lang='lat' dir='ltr'>continuat</span> <span class='ocrx_word' id='word_1_73' title='bbox 1946 1464 1962 1500; x_wconf 75' lang='grc' dir='ltr'><strong><em>ε</em></strong></span> <span class='ocrx_word' id='word_1_74' title='bbox 1997 1461 2179 1522; x_wconf 88' lang='lat' dir='ltr'>quam</span> <span class='ocrx_word' id='word_1_75' title='bbox 2210 1439 2291 1500; x_wconf 88' lang='lat' dir='ltr'>ob</span> 
     </span>
     <span class='ocr_line' id='line_1_12' title="bbox 505 1533 2290 1621; baseline -0.001 -23"><span class='ocrx_word' id='word_1_76' title='bbox 505 1559 736 1600; x_wconf 88' lang='lat' dir='ltr'>causam</span> <span class='ocrx_word' id='word_1_77' title='bbox 766 1558 800 1597; x_wconf 90' lang='lat' dir='ltr'>a</span> <span class='ocrx_word' id='word_1_78' title='bbox 833 1537 1032 1598; x_wconf 87' lang='lat' dir='ltr'>multis</span> <span class='ocrx_word' id='word_1_79' title='bbox 1063 1533 1348 1599; x_wconf 86' lang='lat' dir='ltr'>definitur</span> <span class='ocrx_word' id='word_1_80' title='bbox 1371 1535 1714 1621; x_wconf 90' lang='lat' dir='ltr'>Metaphora</span> <span class='ocrx_word' id='word_1_81' title='bbox 1742 1537 2104 1598; x_wconf 85' lang='lat' dir='ltr'>continuata.</span> <span class='ocrx_word' id='word_1_82' title='bbox 2128 1538 2290 1597; x_wconf 83' lang='lat' dir='ltr'>Tro-</span> 
     </span>
     <span class='ocr_line' id='line_1_13' title="bbox 506 1633 2288 1719; baseline -0.001 -25"><span class='ocrx_word' id='word_1_83' title='bbox 506 1657 617 1719; x_wconf 87' lang='lat' dir='ltr'>pus</span> <span class='ocrx_word' id='word_1_84' title='bbox 643 1634 741 1696; x_wconf 90' lang='lat' dir='ltr'>hic</span> <span class='ocrx_word' id='word_1_85' title='bbox 752 1680 770 1710; x_wconf 95' lang='lat'>,</span> <span class='ocrx_word' id='word_1_86' title='bbox 798 1645 949 1716; x_wconf 82' lang='lat' dir='ltr'>recte</span> <span class='ocrx_word' id='word_1_87' title='bbox 969 1634 1273 1696; x_wconf 89' lang='lat' dir='ltr'>institutus</span> <span class='ocrx_word' id='word_1_88' title='bbox 1291 1679 1310 1709; x_wconf 91' lang='lat'>‚</span> <span class='ocrx_word' id='word_1_89' title='bbox 1335 1633 1482 1695; x_wconf 71' lang='lat' dir='ltr'>mira</span> <span class='ocrx_word' id='word_1_90' title='bbox 1500 1635 1797 1717; x_wconf 85' lang='lat' dir='ltr'>voluptate</span> <span class='ocrx_word' id='word_1_91' title='bbox 1818 1634 1995 1696; x_wconf 88' lang='lat' dir='ltr'>afficit</span> <span class='ocrx_word' id='word_1_92' title='bbox 2015 1634 2243 1696; x_wconf 80' lang='lat' dir='ltr'>animos</span> <span class='ocrx_word' id='word_1_93' title='bbox 2271 1658 2288 1693; x_wconf 72' lang='grc' dir='ltr'><strong><em>ε</em></strong></span> 
     </span>
     <span class='ocr_line' id='line_1_14' title="bbox 508 1732 2292 1818; baseline 0 -24"><span class='ocrx_word' id='word_1_94' title='bbox 508 1754 647 1794; x_wconf 89' lang='lat' dir='ltr'>nam</span> <span class='ocrx_word' id='word_1_95' title='bbox 689 1733 886 1815; x_wconf 87' lang='lat' dir='ltr'>legens</span> <span class='ocrx_word' id='word_1_96' title='bbox 930 1732 1045 1792; x_wconf 73' lang='lat' dir='ltr'>alib</span> <span class='ocrx_word' id='word_1_97' title='bbox 1082 1733 1319 1794; x_wconf 86' lang='lat' dir='ltr'>ducitur</span> <span class='ocrx_word' id='word_1_98' title='bbox 1355 1735 1737 1816; x_wconf 84' lang='lat' dir='ltr'>cogitatione,</span> <span class='ocrx_word' id='word_1_99' title='bbox 1779 1756 1971 1818; x_wconf 85' lang='lat' dir='ltr'>neque</span> <span class='ocrx_word' id='word_1_100' title='bbox 2014 1745 2211 1799; x_wconf 77' lang='lat' dir='ltr'>tamen</span> <span class='ocrx_word' id='word_1_101' title='bbox 2254 1755 2292 1794; x_wconf 85' lang='lat' dir='ltr'>a</span> 
     </span>
     <span class='ocr_line' id='line_1_15' title="bbox 508 1830 2293 1916; baseline -0.001 -23"><span class='ocrx_word' id='word_1_102' title='bbox 508 1843 665 1893; x_wconf 89' lang='lat' dir='ltr'>recto</span> <span class='ocrx_word' id='word_1_103' title='bbox 700 1833 929 1892; x_wconf 87' lang='lat' dir='ltr'>tramite</span> <span class='ocrx_word' id='word_1_104' title='bbox 962 1830 1227 1907; x_wconf 86' lang='lat' dir='ltr'>aberrat,</span> <span class='ocrx_word' id='word_1_105' title='bbox 1264 1831 1558 1916; x_wconf 90' lang='lat' dir='ltr'>simulque</span> <span class='ocrx_word' id='word_1_106' title='bbox 1589 1832 1698 1893; x_wconf 89' lang='lat' dir='ltr'>sibi</span> <span class='ocrx_word' id='word_1_107' title='bbox 1730 1830 2084 1913; x_wconf 83' lang='lat' dir='ltr'>gratulatur,</span> <span class='ocrx_word' id='word_1_108' title='bbox 2126 1832 2293 1914; x_wconf 89' lang='lat' dir='ltr'>quod</span> 
     </span>
     <span class='ocr_line' id='line_1_16' title="bbox 507 1928 2292 2011; baseline -0.001 -21"><span class='ocrx_word' id='word_1_109' title='bbox 507 1930 787 1991; x_wconf 88' lang='lat' dir='ltr'>latentem</span> <span class='ocrx_word' id='word_1_110' title='bbox 814 1949 1046 1991; x_wconf 89' lang='lat' dir='ltr'>sensum</span> <span class='ocrx_word' id='word_1_111' title='bbox 1076 1928 1537 2011; x_wconf 88' lang='lat' dir='ltr'>deprehenderit.</span> <span class='ocrx_word' id='word_1_112' title='bbox 1571 1932 1875 2005; x_wconf 87' lang='lat' dir='ltr'>Horatius,</span> <span class='ocrx_word' id='word_1_113' title='bbox 1903 1931 1969 1990; x_wconf 90' lang='lat' dir='ltr'>in</span> <span class='ocrx_word' id='word_1_114' title='bbox 1997 1939 2118 1989; x_wconf 90' lang='lat' dir='ltr'>arte</span> <span class='ocrx_word' id='word_1_115' title='bbox 2141 1931 2292 2011; x_wconf 75' lang='lat' dir='ltr'>poe-</span> 
     </span>
     <span class='ocr_line' id='line_1_17' title="bbox 507 2027 2289 2112; baseline 0 -23"><span class='ocrx_word' id='word_1_116' title='bbox 507 2029 648 2104; x_wconf 89' lang='lat' dir='ltr'>tica,</span> <span class='ocrx_word' id='word_1_117' title='bbox 678 2050 782 2108; x_wconf 89' lang='lat' dir='ltr'>per</span> <span class='ocrx_word' id='word_1_118' title='bbox 807 2028 1129 2112; x_wconf 86' lang='lat' dir='ltr'>elegantem</span> <span class='ocrx_word' id='word_1_119' title='bbox 1153 2027 1513 2112; x_wconf 87' lang='lat' dir='ltr'>Allegoriam</span> <span class='ocrx_word' id='word_1_120' title='bbox 1540 2028 1737 2088; x_wconf 88' lang='lat' dir='ltr'>irridet</span> <span class='ocrx_word' id='word_1_121' title='bbox 1759 2028 1993 2089; x_wconf 84' lang='lat' dir='ltr'>fatuum</span> <span class='ocrx_word' id='word_1_122' title='bbox 2020 2028 2289 2108; x_wconf 57' lang='lat' dir='ltr'>politam,</span> 
     </span>
     <span class='ocr_line' id='line_1_18' title="bbox 508 2128 1870 2212; baseline -0.001 -24"><span class='ocrx_word' id='word_1_123' title='bbox 508 2128 918 2212; x_wconf 86' lang='lat' dir='ltr'>crudelemque</span> <span class='ocrx_word' id='word_1_124' title='bbox 940 2128 1213 2190; x_wconf 88' lang='lat' dir='ltr'>lectorem</span> <span class='ocrx_word' id='word_1_125' title='bbox 1236 2129 1569 2190; x_wconf 85' lang='lat' dir='ltr'>carminum</span> <span class='ocrx_word' id='word_1_126' title='bbox 1592 2148 1870 2189; x_wconf 85' lang='lat' dir='ltr'>suorum.</span> 
     </span>
    </p>
   </div>
   <div class='ocr_carea' id='block_1_4' title="bbox 638 2259 1992 2817">
    <p class='ocr_par' dir='ltr' id='par_1_4' title="bbox 643 2259 1871 2317">
     <span class='ocr_line' id='line_1_19' title="bbox 643 2259 1871 2317; baseline 0 -6"><span class='ocrx_word' id='word_1_127' title='bbox 643 2259 748 2311; x_wconf 90' lang='lat' dir='ltr'>Hic</span> <span class='ocrx_word' id='word_1_128' title='bbox 769 2261 894 2310; x_wconf 88' lang='lat' dir='ltr'>dum</span> <span class='ocrx_word' id='word_1_129' title='bbox 915 2260 1161 2311; x_wconf 75' lang='lat' dir='ltr'>sublimes</span> <span class='ocrx_word' id='word_1_130' title='bbox 1180 2276 1361 2310; x_wconf 79' lang='lat' dir='ltr'>versus</span> <span class='ocrx_word' id='word_1_131' title='bbox 1386 2267 1618 2311; x_wconf 79' lang='lat' dir='ltr'>ructatur</span> <span class='ocrx_word' id='word_1_132' title='bbox 1637 2268 1691 2313; x_wconf 87' lang='lat' dir='ltr'>et</span> <span class='ocrx_word' id='word_1_133' title='bbox 1709 2269 1842 2311; x_wconf 80' lang='lat' dir='ltr'>errat</span> <span class='ocrx_word' id='word_1_134' title='bbox 1857 2299 1871 2317; x_wconf 87' lang='lat'>,</span> 
     </span>
    </p>

    <p class='ocr_par' dir='ltr' id='par_1_5' title="bbox 642 2336 1785 2410">
     <span class='ocr_line' id='line_1_20' title="bbox 642 2336 1785 2410; baseline -0.001 -17"><span class='ocrx_word' id='word_1_135' title='bbox 642 2342 701 2393; x_wconf 90' lang='lat' dir='ltr'>Si</span> <span class='ocrx_word' id='word_1_136' title='bbox 721 2336 889 2392; x_wconf 81' lang='lat' dir='ltr'>veluti</span> <span class='ocrx_word' id='word_1_137' title='bbox 909 2342 1124 2393; x_wconf 81' lang='lat' dir='ltr'>merulis</span> <span class='ocrx_word' id='word_1_138' title='bbox 1143 2343 1376 2393; x_wconf 74' lang='lat' dir='ltr'>intentus</span> <span class='ocrx_word' id='word_1_139' title='bbox 1394 2343 1583 2393; x_wconf 87' lang='lat' dir='ltr'>decidit</span> <span class='ocrx_word' id='word_1_140' title='bbox 1600 2358 1785 2410; x_wconf 74' lang='lat' dir='ltr'>auceps</span> 
     </span>
    </p>

    <p class='ocr_par' dir='ltr' id='par_1_6' title="bbox 638 2423 1992 2576">
     <span class='ocr_line' id='line_1_21' title="bbox 642 2423 1992 2495; baseline 0.003 -20"><span class='ocrx_word' id='word_1_141' title='bbox 642 2423 706 2475; x_wconf 87' lang='lat' dir='ltr'>In</span> <span class='ocrx_word' id='word_1_142' title='bbox 726 2423 925 2474; x_wconf 82' lang='lat' dir='ltr'>foveam</span> <span class='ocrx_word' id='word_1_143' title='bbox 947 2431 1257 2492; x_wconf 83' lang='lat' dir='ltr'>puteumve3</span> <span class='ocrx_word' id='word_1_144' title='bbox 1280 2425 1425 2490; x_wconf 89' lang='lat' dir='ltr'>licet,</span> <span class='ocrx_word' id='word_1_145' title='bbox 1443 2425 1749 2491; x_wconf 71' lang='lat' dir='ltr'>succurrite,</span> <span class='ocrx_word' id='word_1_146' title='bbox 1772 2425 1992 2495; x_wconf 77' lang='lat' dir='ltr'>longum</span> 
     </span>
     <span class='ocr_line' id='line_1_22' title="bbox 638 2506 1840 2576; baseline 0 -16"><span class='ocrx_word' id='word_1_147' title='bbox 638 2508 866 2574; x_wconf 79' lang='lat' dir='ltr'>Clamet,</span> <span class='ocrx_word' id='word_1_148' title='bbox 888 2508 939 2558; x_wconf 93' lang='lat' dir='ltr'>io</span> <span class='ocrx_word' id='word_1_149' title='bbox 957 2506 1119 2559; x_wconf 75' lang='lat' dir='ltr'>cives!</span> <span class='ocrx_word' id='word_1_150' title='bbox 1143 2526 1250 2560; x_wconf 89' lang='lat' dir='ltr'>non</span> <span class='ocrx_word' id='word_1_151' title='bbox 1270 2509 1338 2560; x_wconf 79' lang='lat' dir='ltr'>sit</span> <span class='ocrx_word' id='word_1_152' title='bbox 1359 2509 1452 2576; x_wconf 90' lang='lat' dir='ltr'>qui</span> <span class='ocrx_word' id='word_1_153' title='bbox 1471 2509 1653 2561; x_wconf 83' lang='lat' dir='ltr'>tollere</span> <span class='ocrx_word' id='word_1_154' title='bbox 1676 2518 1840 2560; x_wconf 81' lang='lat' dir='ltr'>curet.</span> 
     </span>
    </p>

    <p class='ocr_par' dir='ltr' id='par_1_7' title="bbox 642 2593 1928 2817">
     <span class='ocr_line' id='line_1_23' title="bbox 642 2593 1928 2663; baseline -0.001 -17"><span class='ocrx_word' id='word_1_155' title='bbox 642 2593 699 2651; x_wconf 87' lang='lat' dir='ltr'>Si</span> <span class='ocrx_word' id='word_1_156' title='bbox 718 2594 834 2662; x_wconf 84' lang='lat' dir='ltr'>quis</span> <span class='ocrx_word' id='word_1_157' title='bbox 852 2602 998 2646; x_wconf 86' lang='lat' dir='ltr'>curet</span> <span class='ocrx_word' id='word_1_158' title='bbox 1013 2610 1163 2663; x_wconf 85' lang='lat' dir='ltr'>opem</span> <span class='ocrx_word' id='word_1_159' title='bbox 1184 2594 1321 2646; x_wconf 85' lang='lat' dir='ltr'>ferre</span> <span class='ocrx_word' id='word_1_160' title='bbox 1333 2635 1348 2662; x_wconf 89' lang='lat'>,</span> <span class='ocrx_word' id='word_1_161' title='bbox 1366 2602 1417 2646; x_wconf 86' lang='lat' dir='ltr'>et</span> <span class='ocrx_word' id='word_1_162' title='bbox 1437 2593 1698 2646; x_wconf 83' lang='lat' dir='ltr'>dimittere</span> <span class='ocrx_word' id='word_1_163' title='bbox 1717 2594 1896 2645; x_wconf 79' lang='lat' dir='ltr'>funem</span> <span class='ocrx_word' id='word_1_164' title='bbox 1914 2634 1928 2659; x_wconf 90' lang='lat'>,</span> 
     </span>
     <span class='ocr_line' id='line_1_24' title="bbox 646 2679 1884 2749; baseline 0 -18"><span class='ocrx_word' id='word_1_165' title='bbox 646 2680 755 2748; x_wconf 79' lang='lat' dir='ltr'>Qui</span> <span class='ocrx_word' id='word_1_166' title='bbox 772 2679 895 2746; x_wconf 75' lang='lat' dir='ltr'>scis,</span> <span class='ocrx_word' id='word_1_167' title='bbox 916 2696 981 2731; x_wconf 85' lang='lat' dir='ltr'>an</span> <span class='ocrx_word' id='word_1_168' title='bbox 1005 2681 1225 2749; x_wconf 72' lang='lat' dir='ltr'>prudens</span> <span class='ocrx_word' id='word_1_169' title='bbox 1241 2681 1347 2732; x_wconf 86' lang='lat' dir='ltr'>huc</span> <span class='ocrx_word' id='word_1_170' title='bbox 1365 2696 1421 2732; x_wconf 70' lang='lat' dir='ltr'>ae</span> <span class='ocrx_word' id='word_1_171' title='bbox 1439 2679 1680 2749; x_wconf 78' lang='lat' dir='ltr'>dejecerit</span> <span class='ocrx_word' id='word_1_172' title='bbox 1692 2716 1707 2743; x_wconf 90' lang='lat'>,</span> <span class='ocrx_word' id='word_1_173' title='bbox 1726 2688 1884 2746; x_wconf 81' lang='lat' dir='ltr'>atque</span> 
     </span>
     <span class='ocr_line' id='line_1_25' title="bbox 642 2765 1022 2817; baseline 0.003 -1"><span class='ocrx_word' id='word_1_174' title='bbox 642 2765 852 2817; x_wconf 86' lang='lat' dir='ltr'>Servari</span> <span class='ocrx_word' id='word_1_175' title='bbox 873 2765 1022 2817; x_wconf 85' lang='lat' dir='ltr'>nolit.</span> 
     </span>
    </p>
   </div>
   <div class='ocr_carea' id='block_1_5' title="bbox 424 2884 2289 3457">
    <p class='ocr_par' dir='ltr' id='par_1_8' title="bbox 424 2884 2289 3457">
     <span class='ocr_line' id='line_1_26' title="bbox 586 2884 2286 2967; baseline 0 -24"><span class='ocrx_word' id='word_1_176' title='bbox 586 2887 829 2946; x_wconf 81' lang='lat' dir='ltr'>Decidit</span> <span class='ocrx_word' id='word_1_177' title='bbox 864 2889 932 2946; x_wconf 82' lang='lat' dir='ltr'>in</span> <span class='ocrx_word' id='word_1_178' title='bbox 965 2899 1218 2965; x_wconf 79' lang='lat' dir='ltr'>puteum</span> <span class='ocrx_word' id='word_1_179' title='bbox 1242 2886 1597 2967; x_wconf 79' lang='lat' dir='ltr'>foveamve,</span> <span class='ocrx_word' id='word_1_180' title='bbox 1648 2884 1710 2945; x_wconf 90' lang='lat' dir='ltr'>id</span> <span class='ocrx_word' id='word_1_181' title='bbox 1757 2898 1876 2959; x_wconf 84' lang='lat' dir='ltr'>est,</span> <span class='ocrx_word' id='word_1_182' title='bbox 1921 2884 1989 2944; x_wconf 90' lang='lat' dir='ltr'>in</span> <span class='ocrx_word' id='word_1_183' title='bbox 2031 2903 2286 2945; x_wconf 81' lang='lat' dir='ltr'>errooem</span> 
     </span>
     <span class='ocr_line' id='line_1_27' title="bbox 505 2983 2283 3065; baseline -0.002 -21"><span class='ocrx_word' id='word_1_184' title='bbox 505 2994 707 3044; x_wconf 91' lang='lat' dir='ltr'>contra</span> <span class='ocrx_word' id='word_1_185' title='bbox 735 2983 960 3065; x_wconf 82' lang='lat' dir='ltr'>regulas</span> <span class='ocrx_word' id='word_1_186' title='bbox 983 2985 1120 3045; x_wconf 87' lang='lat' dir='ltr'>artis</span> <span class='ocrx_word' id='word_1_187' title='bbox 1150 3008 1165 3045; x_wconf 76' lang='lat' dir='ltr'>t</span> <span class='ocrx_word' id='word_1_188' title='bbox 1190 2984 1355 3055; x_wconf 81' lang='lat' dir='ltr'>licet,</span> <span class='ocrx_word' id='word_1_189' title='bbox 1384 2987 1468 3055; x_wconf 86' lang='lat' dir='ltr'>io,</span> <span class='ocrx_word' id='word_1_190' title='bbox 1491 2983 1725 3054; x_wconf 76' lang='lat' dir='ltr'>clamet,</span> <span class='ocrx_word' id='word_1_191' title='bbox 1752 2983 2072 3042; x_wconf 71' lang='lat' dir='ltr'>succurrite</span> <span class='ocrx_word' id='word_1_192' title='bbox 2096 2983 2283 3050; x_wconf 68' lang='lat' dir='ltr'>cives,-</span> 
     </span>
     <span class='ocr_line' id='line_1_28' title="bbox 504 3077 2282 3166; baseline -0.003 -25"><span class='ocrx_word' id='word_1_193' title='bbox 504 3081 642 3142; x_wconf 91' lang='lat' dir='ltr'>licet</span> <span class='ocrx_word' id='word_1_194' title='bbox 674 3078 915 3141; x_wconf 84' lang='lat' dir='ltr'>obvium</span> <span class='ocrx_word' id='word_1_195' title='bbox 948 3100 1245 3166; x_wconf 85' lang='lat' dir='ltr'>quemque</span> <span class='ocrx_word' id='word_1_196' title='bbox 1285 3092 1472 3164; x_wconf 88' lang='lat' dir='ltr'>roget,</span> <span class='ocrx_word' id='word_1_197' title='bbox 1515 3092 1584 3141; x_wconf 91' lang='lat' dir='ltr'>ut</span> <span class='ocrx_word' id='word_1_198' title='bbox 1618 3080 1728 3165; x_wconf 89' lang='lat' dir='ltr'>ipsi</span> <span class='ocrx_word' id='word_1_199' title='bbox 1764 3101 1978 3141; x_wconf 83' lang='lat' dir='ltr'>errores</span> <span class='ocrx_word' id='word_1_200' title='bbox 2007 3077 2233 3139; x_wconf 89' lang='lat' dir='ltr'>indicet</span> <span class='ocrx_word' id='word_1_201' title='bbox 2264 3101 2282 3136; x_wconf 74' lang='grc' dir='ltr'><strong><em>ε</em></strong></span> 
     </span>
     <span class='ocr_line' id='line_1_29' title="bbox 424 3176 2289 3260; baseline -0.002 -25"><span class='ocrx_word' id='word_1_202' title='bbox 424 3228 429 3235; x_wconf 91' lang='grc'><strong>.</strong></span> <span class='ocrx_word' id='word_1_203' title='bbox 505 3200 673 3239; x_wconf 85' lang='lat' dir='ltr'>nemo</span> <span class='ocrx_word' id='word_1_204' title='bbox 717 3190 880 3238; x_wconf 82' lang='lat' dir='ltr'>curet</span> <span class='ocrx_word' id='word_1_205' title='bbox 898 3180 1126 3260; x_wconf 81' lang='lat' dir='ltr'>funem</span> <span class='ocrx_word' id='word_1_206' title='bbox 1162 3180 1450 3239; x_wconf 80' lang='lat' dir='ltr'>dimittere</span> <span class='ocrx_word' id='word_1_207' title='bbox 1491 3191 1549 3238; x_wconf 79' lang='lat' dir='ltr'>et</span> <span class='ocrx_word' id='word_1_208' title='bbox 1579 3178 1775 3237; x_wconf 83' lang='lat' dir='ltr'>tollere</span> <span class='ocrx_word' id='word_1_209' title='bbox 1794 3200 1819 3248; x_wconf 78' lang='lat'>‚-</span> <span class='ocrx_word' id='word_1_210' title='bbox 1856 3176 2114 3243; x_wconf 84' lang='lat' dir='ltr'>indicare</span> <span class='ocrx_word' id='word_1_211' title='bbox 2150 3193 2289 3258; x_wconf 78' lang='lat' dir='ltr'>quae</span> 
     </span>
     <span class='ocr_line' id='line_1_30' title="bbox 506 3272 2285 3361; baseline -0.002 -24"><span class='ocrx_word' id='word_1_212' title='bbox 506 3286 784 3359; x_wconf 81' lang='lat' dir='ltr'>praecepta</span> <span class='ocrx_word' id='word_1_213' title='bbox 827 3276 1159 3352; x_wconf 79' lang='lat' dir='ltr'>violaverit,</span> <span class='ocrx_word' id='word_1_214' title='bbox 1199 3287 1259 3337; x_wconf 92' lang='lat' dir='ltr'>et</span> <span class='ocrx_word' id='word_1_215' title='bbox 1299 3278 1417 3361; x_wconf 70' lang='lat' dir='ltr'>qua</span> <span class='ocrx_word' id='word_1_216' title='bbox 1455 3278 1682 3337; x_wconf 88' lang='lat' dir='ltr'>ratione</span> <span class='ocrx_word' id='word_1_217' title='bbox 1717 3275 1930 3357; x_wconf 85' lang='lat' dir='ltr'>scripta</span> <span class='ocrx_word' id='word_1_218' title='bbox 1973 3272 2285 3336; x_wconf 83' lang='lat' dir='ltr'>emendare</span> 
     </span>
     <span class='ocr_line' id='line_1_31' title="bbox 507 3369 2280 3457; baseline -0.004 -20"><span class='ocrx_word' id='word_1_219' title='bbox 507 3376 683 3457; x_wconf 80' lang='lat' dir='ltr'>possit</span> <span class='ocrx_word' id='word_1_220' title='bbox 717 3399 730 3434; x_wconf 75' lang='grc' dir='ltr'><strong>ε</strong></span> <span class='ocrx_word' id='word_1_221' title='bbox 771 3375 898 3452; x_wconf 75' lang='lat' dir='ltr'>Qui</span> <span class='ocrx_word' id='word_1_222' title='bbox 927 3377 1045 3435; x_wconf 71' lang='lat' dir='ltr'>eci-3</span> <span class='ocrx_word' id='word_1_223' title='bbox 1070 3396 1153 3435; x_wconf 83' lang='lat' dir='ltr'>an</span> <span class='ocrx_word' id='word_1_224' title='bbox 1179 3377 1452 3454; x_wconf 67' lang='lat' dir='ltr'>prudens</span> <span class='ocrx_word' id='word_1_225' title='bbox 1475 3397 1539 3435; x_wconf 70' lang='lat' dir='ltr'>se</span> <span class='ocrx_word' id='word_1_226' title='bbox 1568 3374 1865 3452; x_wconf 75' lang='lat' dir='ltr'>dejecerit3</span> <span class='ocrx_word' id='word_1_227' title='bbox 1895 3393 1975 3434; x_wconf 84' lang='lat' dir='ltr'>an</span> <span class='ocrx_word' id='word_1_228' title='bbox 2005 3369 2280 3434; x_wconf 80' lang='lat' dir='ltr'>consulto</span> 
     </span>
    </p>
   </div>
  </div>
 </body>
</html>
