2520 4211
1034 307 1059 395 (
1103 330 1185 397 97
1235 305 1264 392 )

333 448 410 507 In
453 447 721 529 sequenti
761 445 1035 530 exemplo
1077 445 1392 528 Virgilius,
1433 467 1536 528 per
1574 445 1826 528 egregias
1858 454 2033 505 meta·

244 544 501 627 phoras,
528 565 812 629 quercum
844 545 923 605 ab
953 544 1219 627 agricolis
1256 545 1535 606 succisam
1567 553 1865 626 comparat
1897 563 2034 604 cum

251 644 516 704 animoso
532 643 745 719 milite,
772 642 1031 705 hostium
1053 642 1392 704 vulneribus
1417 643 1656 703 tandem
1684 641 2024 704 interfecto:

406 820 624 836 .......
661 782 758 834 Illa
778 783 1016 851 (quercus
1035 784 1299 835 securibus
1322 782 1442 852 icta)
1470 801 1632 851 usque
1655 785 1912 848 minatur,

391 868 460 922 Et
477 869 774 921 tremefacta
796 884 998 920 comam
1019 886 1257 920 concusso
1281 869 1475 920 vertice
1494 879 1674 934 nutat3

404 952 722 1005 Vulneribus
746 954 906 1004 donec
931 953 1176 1021 paulatim
1195 956 1403 1017 evim,
1425 965 1728 1023 supremum

399 1038 708 1108 Gongemuit
718 1076 738 1102 ,
760 1038 1025 1105 traxitque
1049 1037 1180 1106 jugis
1198 1038 1379 1088 avulsa
1396 1038 1626 1090 ruinam.

336 1175 583 1237 Placent
600 1198 835 1260 quoque
855 1176 1210 1260 Metaphorae
1227 1176 1417 1239 ductae
1439 1176 1667 1256 archus
1690 1177 2027 1239 inanimatis

251 1285 314 1337 et
336 1276 627 1335 translatae
650 1275 722 1336 ad
743 1276 1042 1337 animatas.
1074 1275 1172 1337 Sic
1193 1274 1351 1342 idem
1371 1273 1659 1355 Virgilius
1680 1274 1752 1334 de
1777 1273 2021 1335 homine

254 1374 406 1432 irato
432 1372 575 1433 dicit
603 1397 617 1431 ε
1138 1385 1145 1394 ‘

407 1543 419 1556 .
438 1543 453 1557 .
474 1543 485 1556 .
509 1543 520 1556 .
542 1544 555 1557 .
576 1544 589 1557 .
610 1543 623 1556 .
645 1542 658 1556 .
678 1490 691 1556 Ῐ
712 1542 726 1557 .
746 1543 759 1557 .
801 1506 1087 1575 Magnoque
1104 1506 1302 1586 irarum
1312 1506 1556 1575 fluctuat
1575 1514 1718 1556 aestu.

404 1629 754 1643 ...........
800 1591 946 1644 Ultro
964 1593 1300 1662 implacabilis
1317 1593 1487 1644 ardet.

336 1716 423 1792 Et
438 1716 562 1796 jure
583 1735 599 1773 z
622 1715 799 1777 iratus
819 1717 979 1777 enim
997 1714 1116 1777 huc
1135 1717 1398 1799 illucque
1421 1715 1663 1799 rapitur,
1690 1714 1838 1775 sicut
1863 1716 2025 1776 navis

253 1825 383 1875 acta
424 1812 727 1890 fluctibus,
770 1825 946 1897 atque
985 1814 1174 1890 idem,
1213 1815 1364 1875 sicut
1403 1814 1786 1891 incendium,
1829 1815 2028 1876 omnia

231 1905 237 1912 ⁶
258 1914 483 1975 circum
510 1934 567 1974 se
593 1912 779 1991 posita
802 1921 1001 1973 vastat.

337 2013 656 2072 Innumera'
681 2009 795 2071 alia
818 2007 1087 2090 exempla
1108 2006 1287 2083 hujus
1313 2009 1468 2090 tropi
1491 2008 1555 2067 in
1586 2008 1809 2091 scriptis
1842 2019 2031 2069 orato·

260 2131 392 2171 rum
416 2120 474 2171 et
495 2117 799 2193 poetarum
824 2108 1107 2173 invenies·

337 2206 681 2269 Observabis
711 2218 907 2268 autem
940 2207 1093 2267 circa
1127 2204 1601 2287 Metaphorarum
1634 2226 1838 2265 usum:
1876 2219 1937 2264 ιο.
1966 2218 2033 2267 ut

257 2306 460 2369 eodem
507 2326 713 2387 genere
758 2328 878 2387 quo
919 2304 1157 2387 coeperis
1205 2303 1645 2365 translationem
1662 2350 1682 2383 ‚
1724 2304 1928 2366 eodem
1972 2316 2031 2365 et

256 2402 452 2464 finias.
479 2416 546 2463 2⁰
568 2405 657 2464 Ita
689 2402 1026 2465 verecundae
1048 2403 1167 2465 sint
1190 2401 1595 2465 translationes
1612 2449 1630 2479 ‚
1661 2412 1727 2462 ut
1759 2403 2029 2485 migrasse

257 2501 361 2563 sua
394 2511 628 2584 sponte,
651 2522 776 2561 non
812 2502 1039 2564 irruisse
1067 2502 1134 2562 in
1171 2500 1372 2578 locum
1404 2501 1678 2562 alienum‘
1700 2500 2027 2561 videantur.

258 2599 327 2658 3⁰
362 2600 669 2661 Ducantur
707 2619 743 2658 a
781 2597 951 2660 rebus
988 2598 1228 2660 aliunde
1266 2611 1353 2660 sat
1392 2598 1665 2679 cognitis.
1703 2597 1771 2674 4⁰
1805 2597 2028 2678 vjtabis

146 2684 151 2685 ἶ
254 2698 459 2775 petitas
484 2719 518 2758 a
545 2697 714 2759 rebus
740 2697 1026 2758 obscoenis
1050 2707 1157 2757 aut
1180 2696 1453 2770 sordidis,
1486 2695 1676 2781 qualis
1701 2706 1786 2756 est
1815 2697 1882 2755 in
1911 2695 2025 2757 hoc

252 2817 417 2857 versu
446 2820 460 2856 t

389 2927 593 2996 Jupiter
612 2926 850 2978 hibernas
866 2924 990 2976 cana
1009 2922 1134 2975 nive
1152 2925 1399 2992 conspuit
1420 2922 1597 2991 Alpes.

252 3047 321 3109 5ο
344 3047 491 3108 Item
515 3046 690 3108 nimis
710 3044 953 3107 audaces
973 3069 991 3125 3
1415 3016 1416 3019 Ἴ

245 3181 407 3243 Haud
419 3180 777 3252 magiafinquit
787 3179 939 3250 vida)
950 3177 1247 3248 imprudens
1259 3176 1395 3229 mihi
1409 3176 1509 3229 erit
1523 3184 1574 3229 et
1590 3176 1805 3230 luminis
1817 3193 2019 3248 expers,

246 3267 360 3336 Qui
380 3284 538 3337 puero
554 3267 785 3337 ingentes
803 3266 1008 3337 habitus
1028 3264 1113 3315 dat
1133 3262 1269 3314 ferre
1287 3262 1525 3332 gigantis,

241 3409 423 3473 quam
450 3391 556 3474 qui
582 3391 648 3451 in
672 3410 735 3452 re
757 3390 921 3457 tenui
945 3388 1063 3451 illis
1082 3383 1408 3449 luminibus
1434 3384 1711 3446 orationis
1731 3383 2012 3447 abutitur.
2065 3416 2071 3421 ·

1774 3510 1824 3584 9
