2520 4211
1287 331 1562 422 (142)

543 468 2321 558 Comparationem‚Defimtionem‚Ethopoe1amProsopogra·

544 572 774 655 phiam,
794 581 852 632 et
876 568 1375 651 Topographiam.
1396 569 1471 628 In
1497 566 1590 628 his
1611 566 1840 647 elegans
1860 567 2032 648 copia
2056 562 2318 646 amplifi-—

544 669 787 731 cationis
809 669 1045 751 poeticoe
1062 691 1119 729 se
1141 667 1427 751 porrigere
1449 677 1505 727 et
1532 664 1822 746 explicare
1843 664 2132 754 praeeipue
2148 661 2321 723 solet.
2346 666 2351 669 ’

632 779 689 824 1⁰
728 766 1118 826 Enumeratio
1160 769 1461 843 partium,
1513 764 1710 823 Graece
1757 773 2043 842 Μερισμὸς,
2091 758 2318 841 duplex

544 872 655 935 est,
701 862 878 923 altera
923 882 1028 943 per
1066 879 1259 945 quam*
1293 882 1400 943 pro
1441 881 1652 949 genere
1697 868 2069 919 recensentur
2104 855 2319 938 species

543 960 740 1041 generi
788 958 1094 1040 subjectae,
1144 958 1326 1019 altera
1367 980 1470 1041 per
1509 977 1689 1040 quam
1733 978 1838 1038 pro
1881 965 2006 1014 toto
2045 953 2319 1034 integrali

544 1066 852 1138 ponuntur
866 1068 1053 1139 partes
1075 1056 1289 1139 quibus
1317 1067 1504 1115 totum
1538 1052 1863 1117 conficitur.
1886 1052 2156 1140 Utraque
2170 1049 2318 1128 poi?-

545 1156 620 1216 tis
649 1153 963 1216 admodum
983 1155 1282 1215 familiaris
1299 1164 1402 1215 est.
1415 1153 1493 1212 Id
1513 1161 1648 1213 vero
1668 1161 1803 1211 ante
1823 1149 2022 1210 omnia
2045 1148 2318 1209 observa-

546 1250 666 1326 Ῑιίε,
688 1273 763 1312 ne
782 1254 1141 1313 enumeratio
1160 1251 1311 1310 ultra
1337 1250 1578 1309 modum
1600 1248 1968 1330 producatur,
1989 1231 2047 1306 et
2065 1265 2143 1304 ne
2157 1244 2321 1305 velut

548 1348 870 1423 fastidiosa,
914 1370 1094 1430 quam
1138 1359 1410 1421 vooeut,·
1434 1348 1802 1408 scientiarum
1845 1342 2318 1418 nomenclatura,

549 1465 733 1527 usque
769 1445 853 1505 ad
878 1445 1156 1512 minimas
1196 1443 1406 1524 species
1448 1453 1549 1501 aut
1593 1453 1779 1524 partes
1815 1441 2136 1505 descendat.
2181 1441 2322 1500 Duo

548 1539 851 1603 afferemus
882 1540 1185 1626 exempla,
1215 1560 1473 1621 quorum
1505 1540 1670 1621 prius
1703 1550 1894 1638 partes
1925 1560 2028 1652 pro
2060 1549 2225 1613 toto,
2264 1549 2326 1599 et

549 1637 799 1704 alterum
831 1659 938 1719 pro
968 1651 1175 1719 genere
1213 1647 1456 1723 totoque
1493 1638 1766 1752 integrali
1797 1638 2009 1721 species
2038 1647 2098 1698 et
2127 1648 2323 1719 partes

549 1734 741 1818 ponit.
788 1727 1089 1848 Sententia
1123 1734 1375 1857 simplex
1417 1746 1557 1811 est:
1588 1733 1806 1796 omnia
1849 1756 2034 1795 verno
2070 1746 2325 1813 tempore
2353 1820 2361 1827 .

551 1831 803 1895 rideris.-
1014 1845 1041 1851 “’
1422 1863 1428 1870 ·
1493 1865 1499 1872 ·
1539 1865 1540 1872 1
1583 1857 1588 1860 ·
1875 1839 1906 1858 '⁶

678 1964 893 2037 Omnia'
893 1992 1017 2037 tune
1035 1988 1250 2050 florent,
1272 1995 1397 2037 tunc
1416 1995 1492 2037 eat
1515 2001 1652 2035 nova
1671 1983 1913 2052 temporie
1929 1993 2071 2035 aestaa
2083 2022 2099 2050 ,

748 2069 817 2123 Et
834 2087 966 2122 nova
987 2071 1048 2122 de
1066 2071 1275 2138 gravido
1295 2069 1507 2140 palmite
1526 2086 1726 2137 gemma
1749 2076 1948 2134 tumet·

679 2155 747 2208 Et
766 2155 916 2206 modo
942 2154 1172 2206 formatis
1192 2156 1424 2224 operitur
1444 2150 1709 2206 frondibus
1729 2154 1901 2217 arbor3

642 2258 648 2264 ·
749 2237 922 2291 Prodit
946 2248 998 2289 et
1021 2240 1078 2289 in
1101 2256 1367 2295 summum
1393 2239 1605 2292 seminis
1620 2239 1778 2290 herba
1798 2238 1994 2288 solum·
1981 2275 1996 2305 ,

678 2322 746 2375 Et
766 2323 996 2390 tepidum·
1016 2323 1249 2373 volucres
1263 2322 1600 2373 concentibus
1619 2321 1733 2372 aera
1758 2319 2018 2385 mulcent,
2073 2336 2078 2339 ·

751 2404 910 2455 Ludit
931 2413 983 2454 et
1006 2405 1066 2455 in
1089 2405 1242 2472 pratis
1258 2442 1273 2467 ,
1297 2404 1637 2471 luxuriatque
1658 2421 1826 2472 pecus.
2053 2400 2062 2409 ⁴

680 2486 835 2539 Tune
854 2486 1022 2538 blandi
1043 2488 1200 2554 soles,
1220 2487 1492 2556 ignotaque
1511 2488 1680 2555 prodit·
1697 2488 1947 2552 hirundo,

750 2571 817 2624 Et
836 2573 1033 2623 luteum
1055 2572 1184 2624 celsa
1205 2574 1300 2624 sub
1321 2573 1462 2624 trabe
1484 2572 1628 2640 fingit
1654 2589 1799 2641 opus.

550 2713 626 2773 In
648 2710 759 2772 hac
771 2755 788 2787 ‚
812 2721 882 2771 ut
907 2711 1063 2772 vides
1077 2756 1101 2791 ,Ι
1124 2710 1562 2772 enumeratione
1586 2728 1699 2772 vox
1729 2713 1934 2773 omnia
1956 2709 2328 2771 distribuitur

549 2809 618 2870 in
655 2811 832 2870 varias
863 2830 982 2886 res,
1007 2807 1139 2891 quae
1164 2809 1356 2870 laetam
1378 2809 1525 2870 veris
1546 2810 1940 2870 amoenitatem
1975 2804 2325 2890 praeoedere,

553 2917 656 2967 aut
678 2919 1012 2991 praesentem
1036 2908 1290 2972 indicare
1311 2900 1523 2985 solent5
1556 2907 1671 2977 illae
1687 2927 1827 2967 vero
1852 2915 1991 2966 sunt
2007 2949 2025 2980 ,
2060 2904 2327 2982 palmites

553 3003 625 3063 in
654 3003 866 3065 vitibus
900 3015 1256 3086 gemmantes
1272 3049 1289 3081 ‚
1323 2998 1547 3077 arbores
1565 2999 1947 3078 frondentes,
1976 3001 2174 3063 herbae
2194 3022 2328 3063 ver-

554 3112 790 3177 nantes,
813 3113 1084 3163 canentes
1104 3122 1252 3178 aves‚
1271 3100 1478 3179 ludens
1496 3102 1561 3162 in
1581 3102 1757 3178 pratis
1774 3121 1975 3183 pecus,
1996 3098 2083 3159 sol
2098 3098 2329 3159 radians

556 3199 827 3274 serenior,
851 3197 1108 3259 hirundo
1130 3199 1238 3260 sub
1257 3202 1422 3262 tectis
1453 3198 1783 3261 nidificans.
1813 3197 1956 3258 Alia
1969 3196 2167 3258 adhuc
2188 3206 2328 3259 sunt

555 3298 721 3378 signa
742 3296 915 3370 veris,
944 3295 1039 3356 sed
1072 3295 1176 3354 illa
1204 3299 1404 3358 omnia
1435 3318 1723 3359 recensere
1747 3307 1819 3357 ut
1855 3295 2218 3358 fastidiosum
2245 3296 2329 3355 ita

558 3392 715 3475 stylo
739 3391 963 3473 po'e‘tico
979 3390 1293 3474 iudignum
1315 3395 1535 3458 fuisset.
