2520 4211
1279 354 1304 443 (
1352 353 1435 420 32
1484 353 1511 442 )

590 499 690 560 Ad
722 494 1164 575 significandam
1198 493 1706 577 mansuetudinem
1737 504 1796 555 et
1823 493 2168 568 lenitatem,
2193 516 2287 556 se-

504 594 638 677 ligit
673 615 867 670 voees,
905 614 1069 675 qum,
1108 593 1310 655 multis
1342 591 1641 656 vocalibus
1676 603 2030 670 constantes,
2069 594 2292 674 exiguo

503 713 753 754 numero
781 692 1103 754 litterarum
1127 691 1325 775 plures
1348 690 1607 753 efficiant
1633 690 1919 775 syllabas,
1951 701 2010 751 et
2035 711 2293 773 quarum

498 801 890 872 ¹consonantes
912 790 1067 852 nihil
1089 790 1347 853 habeant
1362 791 1710 872 asperitatis3
1732 801 1878 853 tunc
1900 791 2077 852 etiam
2098 790 2294 854 utitur

502 891 729 951 eaesuris
759 902 921 972 grate
954 890 1273 973 suspensis,
1298 891 1560 973 vitatque
1593 888 1858 951 elisiones
1890 888 2288 969 confragosas.

501 984 621 1047 Ex.
650 1008 744 1069 gr.
862 999 869 1004 ’
1039 983 1047 999 ’

642 1124 818 1173 Mollia
837 1116 1022 1173 luteola
1043 1124 1200 1190 pingit
1222 1124 1440 1173 vaeeinis
1460 1121 1638 1172 caltha.

643 1213 741 1261 Pro
759 1214 898 1262 molli
918 1212 1070 1275 viola,
1097 1230 1189 1279 pro
1209 1230 1467 1279 purpureo
1485 1213 1737 1264 Narcisso.
1811 1211 1846 1259 5
1884 1214 1963 1261 AE.
2025 1255 2028 1258 .

642 1303 900 1351 Devenere
925 1304 1064 1352 locos
1088 1303 1231 1351 laetos
1249 1285 1507 1366 etamoena
1533 1304 1688 1351 vireta

638 1394 1025 1439 Fortunatorum
1044 1406 1305 1438 nemorum
1320 1423 1337 1451 ,
1359 1389 1597 1455 sedesque
1618 1390 1799 1439 beatas.
1866 1387 1906 1435 6
1939 1390 2015 1440 AE.

641 1476 850 1525 Labitur
868 1475 1112 1542 (Camilla)
1134 1478 1399 1542 exsanguis
1407 1512 1422 1535 ‚
1451 1478 1689 1532 labuntur
1713 1477 1883 1543 frigida
1904 1477 2041 1528 letho

598 1603 601 1606 ι
640 1570 847 1616 Lumina
866 1602 881 1628 ,
907 1583 1189 1632 purpureus
1207 1568 1466 1633 quondam
1491 1570 1634 1618 color
1655 1584 1742 1618 ora
1766 1568 2018 1633 relinquit.
2108 1564 2166 1613 ll
2203 1567 2285 1613 ΔΞ.

587 1691 910 1766 Quantitas
941 1690 1277 1750 verborum.
1309 1691 1530 1752 Rerum
1560 1690 2031 1773 magnitudinem
2061 1688 2285 1748 indicat

497 1786 739 1852 vocibus
779 1787 1115 1870 grandibus.
1155 1788 1277 1850 Ex.
1304 1801 1402 1871 gr.

496 1925 781 1974 Monstrum
799 1926 1101 1976 horrendum
1110 1960 1125 1987 ,
1134 1928 1649 1996 informe,ingens,eui
1660 1929 1831 1980 lumen
1840 1928 2141 1994 ademptum.
2155 1927 2191 1975 3
2202 1928 2263 1975 AE
2274 1964 2283 1974 .

498 2017 761 2064 Laetantes
785 2026 988 2075 ventos,
1009 2027 1418 2085 tempestatesque
1435 2035 1660 2068 sonoras.
1883 2016 1904 2065 l
1931 2019 2011 2067 Ε.

498 2105 561 2155 Et
580 2104 869 2172 caligantem
889 2104 1027 2174 nigra
1046 2109 1311 2173 formidine
1325 2110 1514 2159 lucum.
1734 2107 1769 2155 4
1786 2109 1851 2157 G.

577 2231 795 2310 Rerum
818 2227 1106 2310 impetum
1133 2229 1225 2289 vel
1251 2231 1598 2293 tenuitatem
1616 2228 1906 2312 ,exprimit
1927 2225 2113 2290 verbis
2138 2225 2279 2291 bre-

496 2321 665 2383 vibus
686 2334 746 2385 et
764 2325 1120 2405 interruptis.
1143 2324 1264 2385 Ex.
1289 2347 1382 2406 gr.
1788 2348 1792 2352 ·

613 2492 628 2507 .
649 2492 662 2507 .
684 2493 698 2507 .
720 2492 734 2506 .
766 2461 928 2507 Haeret
949 2458 1076 2525 pede
1097 2477 1209 2524 pes,
1234 2460 1516 2527 densusque
1532 2463 1643 2511 viro
1664 2464 1757 2513 vir.
1982 2463 2046 2512 10
2073 2465 2153 2511 ΛΕ.

601 2543 715 2610 Qui
736 2546 844 2595 data
866 2556 1021 2613 porta
1047 2559 1201 2598 ruunt
1217 2583 1234 2612 ,
1258 2560 1304 2597 et
1321 2559 1474 2599 terras
1493 2550 1691 2599 turbine
1707 2551 1943 2617 perflant.
2021 2552 2045 2600 1
2078 2554 2155 2602 AE.

583 2671 909 2749 Quantitas
938 2672 1181 2731 metrica
1195 2671 1444 2750 pedum.
1469 2659 1729 2735 Tristitia
1745 2718 1763 2750 ‚
1801 2672 1966 2735 labor
1992 2669 2249 2735 difficilis
2264 2719 2283 2748 ‚

496 2768 758 2845 tarditas,
781 2768 1079 2832 silentium
1093 2815 1110 2846 ,
1130 2768 1359 2846 horror,
1372 2770 1626 2832 solitudo
1643 2772 1950 2854 requirunt
1969 2771 2284 2854 spondeos.

495 2867 569 2926 In
593 2867 973 2951 sequentibus
992 2869 1281 2953 exemplis
1302 2869 1364 2929 id
1385 2870 1608 2952 egregie
1630 2870 1893 2953 praestitit
1907 2869 2192 2952 Virgilius
2222 2896 2238 2931 ε

1218 3066 1255 3081 w,
1311 3067 1318 3075 v

638 3100 701 3146 Et
724 3115 889 3148 casum
909 3103 1118 3152 insontis
1141 3120 1336 3152 meeum
1354 3103 1643 3170 indignabar
1662 3103 1822 3152 amici.
1879 3106 1880 3109 ’
1931 3101 1966 3149 2
1990 3104 2064 3150 AE.

636 3186 717 3235 Illi
739 3188 1029 3239 alternantes
1048 3191 1223 3257 magna
1243 3192 1294 3240 vi
1313 3193 1476 3257 praelia
1497 3190 1716 3246 miscent.
1923 3174 1926 3177 Ι

635 3275 714 3324 Illi
736 3276 863 3325 inter
881 3294 932 3326 se
950 3295 1002 3327 se
1021 3278 1198 3344 magnit
1218 3281 1268 3328 vi
1283 3266 1481 3330 -braeliia
1500 3272 1703 3330 tollunt.
1857 3288 1862 3293 “
1920 3279 1956 3327 8
1983 3282 2066 3329 AE.

638 3363 841 3413 Stabant
858 3376 1055 3415 orantes
1074 3367 1219 3432 primi
1239 3371 1561 3419 transmittere
1578 3384 1796 3418 cursum.
1961 3367 1995 3416 6
2021 3370 2097 3416 AE.

638 3452 866 3518 Agricola
888 3454 1098 3504 incurvo
1114 3460 1295 3513 terrani
1313 3460 1516 3513 molitus
1539 3457 1702 3509 aratro
