2520 4211
942 237 1286 374 ’(ιοε)

286 411 513 473 Celes
557 433 700 494 saepe
748 413 990 495 ponitur
1031 435 1137 496 pro
1185 433 1368 498 pane,
1414 413 1675 532 Bacchus
1717 438 1824 499 pro
1870 417 2030 493 vino,

264 511 460 574 Pallas
485 533 592 593 pro
617 511 771 573 oleo.
798 511 918 574 Ex.
946 534 1031 595 gr

404 670 691 686 .........
716 633 1054 702 Onerantque
1072 637 1306 688 canistris

400 718 551 770 Dona
569 712 825 770 Ιαόονὰίω
855 721 1078 783 Cereris,
1102 722 1473 791 Bacchumque
1494 722 1808 775 ministrant.
1876 722 2034 775 Vmo.

399 802 563 874 Cujus
583 805 649 855 ab
654 803 905 876 alloquiis
922 804 1095 854 anima
1112 805 1222 856 haeo
1249 805 1555 858 moribunda
1575 807 1803 871 revixit,

399 888 469 940 Ut
490 888 640 957 vigil,
661 887 850 958 infusci
871 887 1128 953 Pallade,
1148 891 1357 941 flamma
1374 892 1519 942 solet.
1791 891 1904 942 ΟΥ.

340 1002 507 1063 Ceres
524 1000 743 1084 quippe
764 999 959 1083 panis,
976 998 1241 1061 Bacchus
1263 1001 1421 1077 vini,
1440 1010 1498 1062 et
1520 1000 1711 1061 Pallas
1730 1002 1847 1063 ole‘i
1865 1023 2038 1062 usum

257 1099 521 1160 docuisse
569 1108 900 1158 narrantur.
947 1097 1166 1159 Similis
1210 1099 1583 1181 Metonymia
1630 1097 1702 1158 fit
1727 1144 1746 1175 ‚
1795 1100 2034 1182 quando

259 1196 404 1258 belli
426 1195 554 1255 dux
578 1195 820 1278 ponitur
842 1216 948 1277 pro
980 1195 1268 1257 militibus
1296 1196 1446 1272 suis,
1476 1205 1591 1256 ut·

360 1314 621 1388 Hesperiae
641 1320 860 1371 domitor
885 1319 1186 1390 (Annibal),
1209 1320 1303 1387 qui
1332 1319 1533 1372 Gallica
1552 1336 1673 1371 rura
1694 1335 1959 1389 peragrans

359 1405 532 1472 Fregit
547 1405 821 1458 inaccessas
839 1404 996 1474 Alpes
1013 1405 1580 1472 collemque-nivosum.
1803 1403 1935 1456 JUV.

268 1539 271 1542 ¹
341 1516 483 1577 Haec
505 1516 724 1578 scilicet
742 1516 915 1577 Poeni
929 1494 1299 1599 'perfecerant
1321 1517 1638 1580 Annibalis
1657 1518 1862 1580 ductu.

341 1615 409 1676 3⁰
443 1614 694 1696 Signum
715 1635 821 1696 pro
848 1635 910 1676 re
934 1615 1279 1697 significata.
1302 1617 1422 1678 Ex.
1442 1638 1532 1699 gr.

399 1737 594 1790 cedant
616 1754 766 1789 arma
786 1747 929 1807 togoe
941 1775 962 1801 ,
982 1740 1222 1790 concedat
1242 1738 1425 1790 laurea
1441 1739 1646 1806 linguae.
1673 1703 1678 1706 ·
1854 1738 1966 1790 Cle.

345 1847 415 1908 Id
445 1856 560 1925 est,
585 1845 755 1926 juxta
780 1846 1230 1929 explicationem
1260 1848 1440 1930 ipsius
1466 1848 1794 1923 Ciceronis,
1823 1848 1890 1907 iu
1912 1846 2035 1908 Pis.

260 1957 338 2004 n⁰
373 1943 481 2026 75,
511 1943 741 2005 Bellum
769 1965 836 2004 ac
863 1943 1155 2020 tumultus
1185 1945 1316 2026 paci
1343 1954 1520 2027 atque
1547 1946 1669 2005 otio
1694 1943 2034 2005 concedant.

240 2042 604 2126 =Neptunus,
630 2041 736 2102 lib.
773 2061 819 2099 ι.
856 2040 996 2102 AEn.
1030 2041 1336 2124 increpans
1365 2042 1622 2117 Eurum,
1658 2046 1775 2119 ait3
1806 2060 2039 2100 scevam

259 2143 599 2214 tridentem,
637 2139 675 2200 i.
702 2162 755 2201 e.
783 2140 1096 2223 imperium
1127 2141 1329 2216 maris,
1356 2138 1465 2201 sibi
1483 2184 1502 2215 ‚
1531 2160 1657 2198 non
1686 2136 1854 2198 AEolo
1890 2146 2039 2198 sorte
2069 2148 2075 2153 ’

260 2239 489 2300 datum.
513 2239 603 2298 De
626 2239 750 2299 viro
775 2237 1049 2321 propositi
1072 2238 1368 2303 tenaci.a'1‘t
1389 2236 1674 2321 Virgilius
1702 2260 1717 2295 ε

398 2360 554 2415 Illum
576 2376 682 2410 non
699 2357 872 2428 populi
883 2357 1090 2430 fasce-e,
1113 2371 1219 2411 non
1243 2374 1482 2430 purpura
1500 2375 1680 2429 regum
1684 2394 1778 2410 .....
1802 2352 1968 2408 flexit.

344 2467 507 2545 Quid
528 2489 636 2551 ,per
661 2466 837 2530 fasces
857 2477 916 2530 et
938 2489 1259 2552 purpuram
1290 2467 1672 2552 significetur,
1698 2464 1820 2548 jam
1839 2465 2037 2553 expli-

260 2576 463 2631 catum
509 2577 594 2628 est
638 2586 832 2649 supra.
879 2565 1123 2648 Regiam
1173 2566 1520 2646 dignitatem
1563 2586 1672 2628 nos
1714 2564 1831 2624 alio
1873 2585 2038 2624 nunc

262 2665 462 2763 signu,
486 2685 696 2747 nempe
719 2676 938 2743 sceptro
965 2663 1052 2723 vel
1074 2664 1405 2725 diademate
1429 2661 1829 2744 exprimimus.
1849 2660 1924 2720 V.
1945 2681 2035 2740 gr.

334 2787 478 2841 Dans
495 2804 579 2837 ma
600 2786 852 2838 vieillesse
873 2785 1216 2854 languissante

334 2872 408 2924 Le
422 2880 656 2942 sceptu-e,
680 2887 782 2937 que
800 2873 850 2938 je
871 2870 1033 2934 tiens,
1059 2886 1170 2938 pese
1189 2887 1214 2919 a
1238 2886 1324 2919 ma
1345 2869 1490 2919 main
1510 2867 1832 2918 tremblante.
1866 2866 2034 2934 Qum.

344 2978 415 3057 4⁰
459 2980 786 3042 Continens
824 2999 930 3063 pro
969 2988 1286 3053 contento,
1331 2975 1487 3037 sedes
1525 2967 1772 3053 alicujus
1815 2976 1896 3036 rei
1936 2985 2038 3034 aut

265 3101 524 3163 personae
556 3101 663 3162 pro
699 3100 761 3140 re
787 3076 888 3139 ,vel
924 3075 1163 3160 persona
1201 3074 1323 3158 ipsa
1339 3120 1358 3150 ‚
1392 3084 1620 3156 tempus
1653 3094 1777 3157 quo
1813 3073 2035 3155 aliquid

265 3176 392 3238 fieri
415 3177 559 3239 solet
582 3198 689 3258 pro
708 3199 768 3238 re
789 3196 921 3259 quae
943 3187 1071 3237 tum
1093 3172 1189 3251 fit,
1212 3184 1270 3235 et
1291 3174 1412 3235 vice
1433 3173 1610 3235 versa.
1631 3170 1739 3232 Ex.
1765 3193 1850 3253 gr.

414 3328 699 3344 .........
733 3292 829 3345 Ille
852 3288 1068 3360 impiger
1086 3284 1265 3341 bausit

403 3379 746 3446 Spumantem
755 3384 998 3446 pateram
1010 3413 1032 3441 ,
1049 3384 1099 3429 et
1120 3375 1270 3444 pleno
1287 3389 1340 3426 se
1359 3373 1551 3443 proluit
1568 3389 1709 3424 auro.
1805 3369 1968 3423 VIRO.

1048 3570 1077 3587 ᾖ
