2520 4211
1130 217 1501 312 ’(ιπε)

568 365 889 436 Imwlemt
909 364 1183 432 (Laocoon)
1201 362 1340 422 sexto
1358 361 1622 431 Argolicas
1640 362 1828 420 soedare
1847 362 2086 429 htebra„

606 451 862 517 Trojaque
880 466 1023 501 nunc
1039 458 1229 513 stares,
1247 447 1545 515 Priamique
1563 464 1658 498 arx
1682 447 1783 498 alta
1800 435 2063 500 maere-5⁷
2079 446 2246 503 Ῡωα

552 589 950 651 Substituatur
974 577 1136 648 enim
1162 586 1385 670 phrasis
1410 586 1576 647 haec.
1606 587 1698 644 Et
1723 589 1781 645 si
1812 598 1919 646 etc.
1953 589 2251 667 Troiaque

471 707 635 756 manc
666 697 877 757 stant,
906 687 1263 774 Priamique
1288 705 1401 744 arx
1424 681 1552 743 alta
1573 696 1864 752 maneret,-
1890 695 2067 767 atque
2085 683 2249 745 fate-

470 783 645 859 beris,
684 783 958 865 frigidam
991 782 1148 843 hanc
1183 792 1242 843 et
1279 783 1640 865 incomptam
1669 804 1814 856 esse,
1851 793 2250 864 comparatam

471 901 609 942 oum
653 879 757 940 illa
792 880 1142 963 Virgiliana-
1190 881 1545 942 Suavitatem
1591 891 1649 941 et
1696 880 1941 960 gratiam
1982 877 2249 960 figuratae

473 979 749 1040 emtionis
769 999 946 1039 nemo
966 977 1206 1059 negabit
1218 1022 1236 1052 ‚
1265 979 1372 1060 qui
1395 978 1488 1038 vel
1505 978 1789 1059 tantisper
1809 977 2063 1057 attigerit
2088 976 2248 1037 Ροδ-

471 1086 666 1136 tarum
695 1075 789 1142 vel
811 1076 1128 1136 Orator-um
1156 1075 1389 1158 scripta.
1483 1120 1497 1136 .

554 1173 787 1255 Figurae
822 1174 1018 1235 minus
1057 1184 1208 1234 recte
1239 1191 1276 1232 a
1307 1172 1616 1233 nonnullis
1645 1170 2039 1249 definiuntur,
2078 1172 2245 1233 locu·
2299 1161 2304 1166 ’

472 1274 660 1333 tiones
693 1294 730 1331 a
764 1271 988 1353 vulgari
1024 1271 1447 1332 consuetudine
1478 1273 1745 1349 remotae3
1783 1268 1938 1330 nihil
1968 1271 2131 1331 enim
2159 1279 2245 1330 est

472 1380 593 1431 tam
611 1368 1036 1449 pervulgatum,
1054 1367 1209 1448 apud
1227 1365 1495 1426 homines
1512 1367 1685 1427 etiam
1702 1367 1947 1428 minime
1966 1365 2244 1440 eruditos,

475 1464 912 1548 quamillarum
935 1485 1069 1524 usus
1085 1488 1097 1499 ·
1083 1485 1254 1545 ,quae
1275 1484 1414 1524 cum
1441 1463 1557 1524 sint
1579 1463 2243 1546 quodammodo‘imagi-

474 1584 577 1623 nes
599 1563 955 1623 diversorum
985 1559 1335 1636 affectuum,
1366 1581 1468 1621 sua
1491 1572 1695 1642 sponte
1718 1571 2065 1643 erumpunt,
2094 1581 2246 1642 quo-

474 1661 577 1719 ties
600 1658 788 1718 vivide
809 1667 1135 1718 commotus
1161 1678 1293 1740 quls
1313 1658 1598 1738 loquitur.

552 1755 653 1817 Ex
690 1755 857 1817 dictis
897 1765 1056 1839 patet
1093 1755 1404 1817 discrimen
1437 1753 1770 1837 figurarum
1810 1756 2145 1817 Rhetorices
2189 1767 2251 1817 et

474 1853 796 1936 figurarum
830 1851 1190 1937 Syntaxe083
1226 1875 1368 1914 nam
1402 1853 1493 1914 hae
1525 1875 1646 1914 non
1681 1864 1821 1914 sunt
1858 1853 1971 1914 nisi
2005 1853 2250 1936 quidam

474 1954 748 2015 idiotismi
765 1999 785 2031 ,
822 1953 880 2013 id
910 1963 1019 2029 est,
1059 1953 1327 2036 quaedam
1358 1953 1606 2015 licentiae
1632 1951 1772 2034 styli
1808 1952 2048 2034 poetici,
2086 1971 2248 2012 rece-

474 2050 676 2114 dentes
721 2071 755 2111 a
798 2051 1213 2114 communibus
1258 2051 1785 2112 Grammaticorum
1829 2048 2082 2132 legibus3
2131 2049 2250 2110 illae

476 2170 611 2211 vero
644 2150 817 2212 altius
843 2151 988 2234 quid
1022 2161 1263 2225 sonant,
1287 2170 1356 2209 ac
1386 2148 1623 2210 nullum
1654 2159 2005 2231 praeceptum
2027 2148 2249 2207 Gram-

474 2248 821 2307 maticorum
854 2247 1096 2307 violant.
1131 2245 1430 2307 Differunt
1462 2267 1702 2329 quoque
1740 2267 1774 2304 a
1795 2245 2004 2329 Tropis
2041 2248 2108 2306 in
2141 2269 2245 2325 ee,

473 2344 632 2426 quod
664 2343 854 2403 omnis
872 2344 1204 2423 Troporum
1231 2343 1383 2402 ratio
1410 2345 1594 2425 posita
1620 2354 1703 2404 est
1734 2344 1800 2404 in
1824 2344 2247 2423 vocabulorum

474 2437 853 2501 translatione
875 2458 910 2496 a
934 2436 1365 2519 significatione
1387 2439 1618 2521 propria
1642 2441 1716 2500 ad
1748 2442 2123 2524 impropriam
2140 2490 2158 2519 ‚
2187 2455 2248 2505 et

386 2542 389 2545 ’
475 2537 636 2620 quod
664 2533 866 2618 figurae
883 2536 995 2612 ‚sie
1020 2535 1238 2619 quibus
1262 2535 1362 2597 hic
1390 2538 1602 2618 agitur,
1633 2541 1876 2622 propriis
1902 2538 2084 2602 verbis
2115 2540 2246 2603 fieri

477 2645 739 2716 possunt.

555 2732 653 2793 Ex
682 2733 908 2815 ingenti
944 2732 1089 2795 silva
1122 2730 1444 2815 figurarum
1469 2733 1793 2796 Rhetoricae
1824 2734 2129 2816 sel‘gemus
2153 2757 2249 2799 eas

476 2841 708 2891 tantum
723 2874 742 2907 ,
766 2852 898 2914 quae
922 2831 1115 2892 Poetis
1139 2833 1397 2892 maxime
1423 2833 1644 2892 usitatae
1663 2843 1829 2908 sunt,
1853 2853 2100 2915 quaeque
2122 2834 2250 2915 plu

475 2926 689 2986 timum
724 2928 1040 2990 conferunt
1068 2928 1140 2988 ad
1176 2929 1522 3010 dignitatem
1539 2942 1606 3015 ‘et
1634 2940 1905 2989 ornatum
1937 2930 2249 2992 Elocutio-

475 3025 566 3084 nis
591 3024 846 3106 poeticae.
880 3028 1070 3088 Duces
1097 3028 1161 3087 in
1184 3025 1302 3088 hoc
1324 3029 1509 3109 capite
1535 3026 1847 3088 habuimus
1869 3026 2209 3089 Ciceronem
2226 3072 2247 3103 ,

474 3121 915 3199 Quintilianum
943 3133 1002 3183 et
1024 3122 1330 3189 vossium.

564 3231 621 3277 1⁰
663 3219 959 3297 Repetitio
995 3231 1079 3279 est
1117 3223 1449 3283 eorumdem
1490 3221 1827 3298 verborum,
1870 3238 1999 3283 non
2034 3224 2250 3304 inopiae

475 3316 572 3377 sed
612 3313 931 3378 festivitatis
969 3314 1168 3394 causa,
1210 3331 1343 3401 apte
1379 3319 1647 3383 instituta
1683 3320 2022 3406 geminatiO.
2056 3320 2252 3381 Variis
