<?xml version="1.0" encoding="UTF-8"?>
<!DOCTYPE html PUBLIC "-//W3C//DTD XHTML 1.0 Transitional//EN"
    "http://www.w3.org/TR/xhtml1/DTD/xhtml1-transitional.dtd">
<html xmlns="http://www.w3.org/1999/xhtml" xml:lang="en" lang="en">
 <head>
  <title>
</title>
<meta http-equiv="Content-Type" content="text/html;charset=utf-8" />
  <meta name='ocr-system' content='tesseract 3.04.00' />
  <meta name='ocr-capabilities' content='ocr_page ocr_carea ocr_par ocr_line ocrx_word'/>
</head>
<body>
  <div class='ocr_page' id='page_1' title='image "./manualepoeticum00kerzgoog_0163.png"; bbox 0 0 2520 4211; ppageno 0'>
   <div class='ocr_carea' id='block_1_1' title="bbox 886 306 1267 397">
    <p class='ocr_par' dir='ltr' id='par_1_1' title="bbox 886 306 1267 397">
     <span class='ocr_line' id='line_1_1' title="bbox 886 306 1267 397; baseline 0 0"><span class='ocrx_word' id='word_1_1' title='bbox 886 312 891 318; x_wconf 83' lang='grc'><strong>’</strong></span> <span class='ocrx_word' id='word_1_2' title='bbox 993 306 1267 397; x_wconf 72' lang='lat'>(151)</span> 
     </span>
    </p>
   </div>
   <div class='ocr_carea' id='block_1_2' title="bbox 247 446 2017 621">
    <p class='ocr_par' dir='ltr' id='par_1_2' title="bbox 247 446 2017 621">
     <span class='ocr_line' id='line_1_2' title="bbox 247 446 2017 540; baseline -0.003 -27"><span class='ocrx_word' id='word_1_3' title='bbox 247 460 525 525; x_wconf 84' lang='lat' dir='ltr'><strong>exornat,</strong></span> <span class='ocrx_word' id='word_1_4' title='bbox 551 448 598 510; x_wconf 92' lang='lat' dir='ltr'><strong>l.</strong></span> <span class='ocrx_word' id='word_1_5' title='bbox 626 468 661 506; x_wconf 75' lang='grc' dir='ltr'><strong>τι</strong></span> <span class='ocrx_word' id='word_1_6' title='bbox 686 447 758 509; x_wconf 91' lang='lat' dir='ltr'><strong>de</strong></span> <span class='ocrx_word' id='word_1_7' title='bbox 801 447 904 507; x_wconf 90' lang='lat' dir='ltr'><strong>Or.</strong></span> <span class='ocrx_word' id='word_1_8' title='bbox 937 470 968 505; x_wconf 74' lang='grc' dir='ltr'><strong>ι(</strong></span> <span class='ocrx_word' id='word_1_9' title='bbox 1001 447 1196 511; x_wconf 85' lang='lat' dir='ltr'><strong>Cum</strong></span> <span class='ocrx_word' id='word_1_10' title='bbox 1176 469 1242 507; x_wconf 77' lang='lat' dir='ltr'><strong>in</strong></span> <span class='ocrx_word' id='word_1_11' title='bbox 1275 446 1396 508; x_wconf 90' lang='lat' dir='ltr'><strong>sole</strong></span> <span class='ocrx_word' id='word_1_12' title='bbox 1431 446 1756 524; x_wconf 84' lang='lat' dir='ltr'>ambulem,</span> <span class='ocrx_word' id='word_1_13' title='bbox 1788 448 2017 540; x_wconf 72' lang='lat' dir='ltr'><strong>etiamsi</strong></span> 
     </span>
     <span class='ocr_line' id='line_1_3' title="bbox 252 531 2014 621; baseline 0.003 -17"><span class='ocrx_word' id='word_1_14' title='bbox 252 572 284 605; x_wconf 70' lang='grc' dir='ltr'><strong>»ι</strong></span> <span class='ocrx_word' id='word_1_15' title='bbox 327 547 504 610; x_wconf 85' lang='lat' dir='ltr'><strong>aliam</strong></span> <span class='ocrx_word' id='word_1_16' title='bbox 542 545 621 606; x_wconf 88' lang='lat' dir='ltr'><strong>ob</strong></span> <span class='ocrx_word' id='word_1_17' title='bbox 662 565 893 607; x_wconf 87' lang='lat' dir='ltr'><strong>causam</strong></span> <span class='ocrx_word' id='word_1_18' title='bbox 932 533 1262 621; x_wconf 85' lang='lat' dir='ltr'><strong>ambulem,</strong></span> <span class='ocrx_word' id='word_1_19' title='bbox 1299 535 1427 606; x_wconf 88' lang='lat' dir='ltr'><strong>fieri</strong></span> <span class='ocrx_word' id='word_1_20' title='bbox 1462 554 1658 607; x_wconf 90' lang='lat' dir='ltr'><strong>tamen</strong></span> <span class='ocrx_word' id='word_1_21' title='bbox 1698 546 1906 605; x_wconf 86' lang='lat' dir='ltr'><strong>natura</strong></span> <span class='ocrx_word' id='word_1_22' title='bbox 1943 531 2014 614; x_wconf 89' lang='grc' dir='ltr'><strong>ιιι</strong></span> 
     </span>
    </p>
   </div>
   <div class='ocr_carea' id='block_1_3' title="bbox 253 633 2116 726">
    <p class='ocr_par' dir='ltr' id='par_1_3' title="bbox 253 633 2116 726">
     <span class='ocr_line' id='line_1_4' title="bbox 253 633 2116 726; baseline 0.002 -23"><span class='ocrx_word' id='word_1_23' title='bbox 253 669 287 703; x_wconf 72' lang='grc' dir='ltr'><strong>ιι</strong></span> <span class='ocrx_word' id='word_1_24' title='bbox 329 643 580 726; x_wconf 84' lang='lat' dir='ltr'><strong>colorer3</strong></span> <span class='ocrx_word' id='word_1_25' title='bbox 603 643 685 705; x_wconf 87' lang='lat' dir='ltr'><strong>sic</strong></span> <span class='ocrx_word' id='word_1_26' title='bbox 707 663 845 704; x_wconf 89' lang='lat' dir='ltr'><strong>cum</strong></span> <span class='ocrx_word' id='word_1_27' title='bbox 860 643 1009 704; x_wconf 85' lang='lat' dir='ltr'><strong>istos</strong></span> <span class='ocrx_word' id='word_1_28' title='bbox 1014 641 1191 705; x_wconf 90' lang='lat' dir='ltr'><strong>libros</strong></span> <span class='ocrx_word' id='word_1_29' title='bbox 1212 641 1522 704; x_wconf 75' lang='lat' dir='ltr'><strong>studiosius</strong></span> <span class='ocrx_word' id='word_1_30' title='bbox 1541 640 1806 723; x_wconf 77' lang='lat' dir='ltr'>legerim,</span> <span class='ocrx_word' id='word_1_31' title='bbox 1825 642 2016 703; x_wconf 72' lang='lat' dir='ltr'><strong>sentio</strong></span> <span class='ocrx_word' id='word_1_32' title='bbox 2091 633 2116 706; x_wconf 30' lang='lat'><strong>,¹</strong></span> 
     </span>
    </p>
   </div>
   <div class='ocr_carea' id='block_1_4' title="bbox 249 734 2015 1017">
    <p class='ocr_par' dir='ltr' id='par_1_4' title="bbox 249 734 2015 1017">
     <span class='ocr_line' id='line_1_5' title="bbox 252 734 2015 819; baseline 0.001 -21"><span class='ocrx_word' id='word_1_33' title='bbox 252 765 286 799; x_wconf 72' lang='grc' dir='ltr'><strong>»ι</strong></span> <span class='ocrx_word' id='word_1_34' title='bbox 332 741 655 802; x_wconf 86' lang='lat' dir='ltr'><strong>orationem</strong></span> <span class='ocrx_word' id='word_1_35' title='bbox 697 759 885 800; x_wconf 89' lang='lat' dir='ltr'><strong>meam</strong></span> <span class='ocrx_word' id='word_1_36' title='bbox 922 741 1164 800; x_wconf 87' lang='lat' dir='ltr'><strong>istorum</strong></span> <span class='ocrx_word' id='word_1_37' title='bbox 1202 749 1386 800; x_wconf 82' lang='lat' dir='ltr'><strong>cantu</strong></span> <span class='ocrx_word' id='word_1_38' title='bbox 1417 737 1662 799; x_wconf 81' lang='lat' dir='ltr'><strong>colorari</strong></span> <span class='ocrx_word' id='word_1_39' title='bbox 1702 737 1814 819; x_wconf 85' lang='grc' dir='ltr'><strong>(ι).</strong></span> <span class='ocrx_word' id='word_1_40' title='bbox 1837 815 1840 816; x_wconf 15' lang='lat'><em>⁷</em></span> <span class='ocrx_word' id='word_1_41' title='bbox 1860 744 1911 797; x_wconf 61' lang='lat' dir='ltr'><strong>n*</strong></span> <span class='ocrx_word' id='word_1_42' title='bbox 1932 734 2015 799; x_wconf 86' lang='lat' dir='ltr'><strong>Et</strong></span> 
     </span>
     <span class='ocr_line' id='line_1_6' title="bbox 249 833 2012 920; baseline -0.005 -18"><span class='ocrx_word' id='word_1_43' title='bbox 249 838 467 902; x_wconf 84' lang='lat' dir='ltr'>Seneca</span> <span class='ocrx_word' id='word_1_44' title='bbox 482 833 726 920; x_wconf 82' lang='lat' dir='ltr'><strong>Ep.·108.</strong></span> <span class='ocrx_word' id='word_1_45' title='bbox 740 859 771 893; x_wconf 83' lang='lat'>«</span> <span class='ocrx_word' id='word_1_46' title='bbox 792 836 890 896; x_wconf 90' lang='lat' dir='ltr'><strong>Sic</strong></span> <span class='ocrx_word' id='word_1_47' title='bbox 908 856 1145 918; x_wconf 89' lang='lat' dir='ltr'><strong>quoque</strong></span> <span class='ocrx_word' id='word_1_48' title='bbox 1165 836 1271 917; x_wconf 87' lang='lat' dir='ltr'><strong>qui</strong></span> <span class='ocrx_word' id='word_1_49' title='bbox 1289 835 1357 896; x_wconf 90' lang='lat' dir='ltr'><strong>in</strong></span> <span class='ocrx_word' id='word_1_50' title='bbox 1372 834 1760 916; x_wconf 67' lang='lat' dir='ltr'><strong>unguentaria</strong></span> <span class='ocrx_word' id='word_1_51' title='bbox 1773 833 2012 896; x_wconf 64' lang='lat' dir='ltr'><strong>taberna</strong></span> 
     </span>
     <span class='ocr_line' id='line_1_7' title="bbox 253 932 2012 1017; baseline 0.001 -25"><span class='ocrx_word' id='word_1_52' title='bbox 253 958 287 993; x_wconf 76' lang='grc' dir='ltr'><strong>ιι</strong></span> <span class='ocrx_word' id='word_1_53' title='bbox 327 934 691 1012; x_wconf 83' lang='lat' dir='ltr'><strong>resederunt,</strong></span> <span class='ocrx_word' id='word_1_54' title='bbox 710 943 768 996; x_wconf 89' lang='lat' dir='ltr'><strong>et</strong></span> <span class='ocrx_word' id='word_1_55' title='bbox 786 933 964 1017; x_wconf 86' lang='lat' dir='ltr'><strong>paulo</strong></span> <span class='ocrx_word' id='word_1_56' title='bbox 982 933 1202 994; x_wconf 84' lang='lat' dir='ltr'><strong>diutius</strong></span> <span class='ocrx_word' id='word_1_57' title='bbox 1227 933 1757 1008; x_wconf 86' lang='lat' dir='ltr'><strong>commoratisunt,</strong></span> <span class='ocrx_word' id='word_1_58' title='bbox 1772 932 2012 993; x_wconf 89' lang='lat' dir='ltr'><strong>odorem</strong></span> 
     </span>
    </p>
   </div>
   <div class='ocr_carea' id='block_1_5' title="bbox 128 1018 2036 1209">
    <p class='ocr_par' dir='ltr' id='par_1_5' title="bbox 128 1018 2036 1209">
     <span class='ocr_line' id='line_1_8' title="bbox 250 1018 2036 1112; baseline 0.001 -23"><span class='ocrx_word' id='word_1_59' title='bbox 250 1054 284 1089; x_wconf 70' lang='lat' dir='ltr'><strong>n</strong></span> <span class='ocrx_word' id='word_1_60' title='bbox 327 1030 442 1092; x_wconf 89' lang='lat' dir='ltr'><strong>loci</strong></span> <span class='ocrx_word' id='word_1_61' title='bbox 471 1052 663 1093; x_wconf 89' lang='lat' dir='ltr'><strong>secum</strong></span> <span class='ocrx_word' id='word_1_62' title='bbox 694 1030 922 1094; x_wconf 80' lang='lat' dir='ltr'><strong>ferunt.</strong></span> <span class='ocrx_word' id='word_1_63' title='bbox 960 1053 993 1088; x_wconf 73' lang='grc' dir='ltr'><strong>ιι</strong></span> <span class='ocrx_word' id='word_1_64' title='bbox 1037 1029 1214 1106; x_wconf 88' lang='lat' dir='ltr'><strong>Quod</strong></span> <span class='ocrx_word' id='word_1_65' title='bbox 1246 1028 1486 1112; x_wconf 87' lang='lat' dir='ltr'><strong>quidem</strong></span> <span class='ocrx_word' id='word_1_66' title='bbox 1513 1029 1585 1090; x_wconf 93' lang='lat' dir='ltr'><strong>de</strong></span> <span class='ocrx_word' id='word_1_67' title='bbox 1614 1029 1779 1089; x_wconf 88' lang='lat' dir='ltr'><strong>omni</strong></span> <span class='ocrx_word' id='word_1_68' title='bbox 1811 1018 2036 1092; x_wconf 49' lang='lat' dir='ltr'><strong>elocn-ss&#39;</strong></span> 
     </span>
     <span class='ocr_line' id='line_1_9' title="bbox 128 1125 2011 1209; baseline -0.002 -20"><span class='ocrx_word' id='word_1_69' title='bbox 128 1183 139 1195; x_wconf 82' lang='lat'><em>,</em></span> <span class='ocrx_word' id='word_1_70' title='bbox 246 1127 410 1189; x_wconf 87' lang='lat' dir='ltr'><strong>tione</strong></span> <span class='ocrx_word' id='word_1_71' title='bbox 433 1126 550 1189; x_wconf 87' lang='lat' dir='ltr'><strong>dici</strong></span> <span class='ocrx_word' id='word_1_72' title='bbox 571 1137 789 1209; x_wconf 88' lang='lat' dir='ltr'><strong>potest,</strong></span> <span class='ocrx_word' id='word_1_73' title='bbox 817 1136 878 1186; x_wconf 91' lang='lat' dir='ltr'><strong>at</strong></span> <span class='ocrx_word' id='word_1_74' title='bbox 903 1126 974 1187; x_wconf 90' lang='lat' dir='ltr'><strong>de</strong></span> <span class='ocrx_word' id='word_1_75' title='bbox 994 1125 1161 1186; x_wconf 86' lang='lat' dir='ltr'><strong>nulla</strong></span> <span class='ocrx_word' id='word_1_76' title='bbox 1190 1126 1374 1207; x_wconf 82' lang='lat' dir='ltr'><strong>magis</strong></span> <span class='ocrx_word' id='word_1_77' title='bbox 1396 1145 1577 1208; x_wconf 89' lang='lat' dir='ltr'><strong>quam</strong></span> <span class='ocrx_word' id='word_1_78' title='bbox 1601 1125 1854 1207; x_wconf 84' lang='lat' dir='ltr'><strong>poet10a‚</strong></span> <span class='ocrx_word' id='word_1_79' title='bbox 1880 1145 2011 1207; x_wconf 80' lang='lat' dir='ltr'><strong>quae</strong></span> 
     </span>
    </p>
   </div>
   <div class='ocr_carea' id='block_1_6' title="bbox 248 1222 2011 1315">
    <p class='ocr_par' dir='ltr' id='par_1_6' title="bbox 248 1222 2011 1315">
     <span class='ocr_line' id='line_1_10' title="bbox 248 1222 2011 1315; baseline -0.002 -29"><span class='ocrx_word' id='word_1_80' title='bbox 248 1224 532 1286; x_wconf 89' lang='lat' dir='ltr'><strong>nimirum</strong></span> <span class='ocrx_word' id='word_1_81' title='bbox 553 1223 629 1284; x_wconf 87' lang='lat' dir='ltr'><strong>ab</strong></span> <span class='ocrx_word' id='word_1_82' title='bbox 654 1245 760 1284; x_wconf 92' lang='lat' dir='ltr'><strong>usu</strong></span> <span class='ocrx_word' id='word_1_83' title='bbox 782 1222 1007 1315; x_wconf 78' lang='lat' dir='ltr'><strong>vulgari</strong></span> <span class='ocrx_word' id='word_1_84' title='bbox 1024 1234 1108 1284; x_wconf 88' lang='lat' dir='ltr'><strong>est</strong></span> <span class='ocrx_word' id='word_1_85' title='bbox 1128 1223 1398 1283; x_wconf 88' lang='lat' dir='ltr'><strong>omnium</strong></span> <span class='ocrx_word' id='word_1_86' title='bbox 1419 1222 1828 1297; x_wconf 78' lang='lat' dir='ltr'><strong>remotissima,</strong></span> <span class='ocrx_word' id='word_1_87' title='bbox 1851 1243 1962 1284; x_wconf 85' lang='lat' dir='ltr'><strong>nec</strong></span> <span class='ocrx_word' id='word_1_88' title='bbox 1978 1242 2011 1282; x_wconf 83' lang='lat' dir='ltr'><strong>a</strong></span> 
     </span>
    </p>
   </div>
   <div class='ocr_carea' id='block_1_7' title="bbox 249 1307 2113 1402">
    <p class='ocr_par' dir='ltr' id='par_1_7' title="bbox 249 1307 2113 1402">
     <span class='ocr_line' id='line_1_11' title="bbox 249 1307 2113 1402; baseline -0.003 -20"><span class='ocrx_word' id='word_1_89' title='bbox 249 1320 591 1382; x_wconf 74' lang='lat' dir='ltr'><strong>nutricibus</strong></span> <span class='ocrx_word' id='word_1_90' title='bbox 601 1319 860 1382; x_wconf 83' lang='lat' dir='ltr'><strong>discitur.</strong></span> <span class='ocrx_word' id='word_1_91' title='bbox 890 1309 964 1380; x_wconf 80' lang='lat' dir='ltr'><strong>In</strong></span> <span class='ocrx_word' id='word_1_92' title='bbox 998 1320 1248 1381; x_wconf 89' lang='lat' dir='ltr'><strong>lectione</strong></span> <span class='ocrx_word' id='word_1_93' title='bbox 1279 1331 1472 1381; x_wconf 86' lang='lat' dir='ltr'><strong>autem</strong></span> <span class='ocrx_word' id='word_1_94' title='bbox 1506 1320 1626 1379; x_wconf 92' lang='lat' dir='ltr'><strong>duo</strong></span> <span class='ocrx_word' id='word_1_95' title='bbox 1657 1307 2008 1402; x_wconf 77' lang='lat' dir='ltr'><strong>spectantur,</strong></span> <span class='ocrx_word' id='word_1_96' title='bbox 2109 1328 2113 1331; x_wconf 80' lang='grc'><em>“</em></span> 
     </span>
    </p>
   </div>
   <div class='ocr_carea' id='block_1_8' title="bbox 248 1413 2013 1599">
    <p class='ocr_par' dir='ltr' id='par_1_8' title="bbox 248 1413 2013 1599">
     <span class='ocr_line' id='line_1_12' title="bbox 250 1413 2013 1500; baseline -0.003 -22"><span class='ocrx_word' id='word_1_97' title='bbox 250 1419 497 1499; x_wconf 85' lang='lat' dir='ltr'><strong>quinam</strong></span> <span class='ocrx_word' id='word_1_98' title='bbox 540 1427 795 1479; x_wconf 85' lang='lat' dir='ltr'><strong>auctores</strong></span> <span class='ocrx_word' id='word_1_99' title='bbox 839 1417 965 1479; x_wconf 91' lang='lat' dir='ltr'><strong>sint</strong></span> <span class='ocrx_word' id='word_1_100' title='bbox 1001 1416 1231 1499; x_wconf 86' lang='lat' dir='ltr'><strong>legendi</strong></span> <span class='ocrx_word' id='word_1_101' title='bbox 1248 1460 1270 1493; x_wconf 87' lang='lat'><em>‚</em></span> <span class='ocrx_word' id='word_1_102' title='bbox 1314 1426 1400 1478; x_wconf 86' lang='lat' dir='ltr'><strong>et</strong></span> <span class='ocrx_word' id='word_1_103' title='bbox 1412 1415 1709 1500; x_wconf 88' lang='lat' dir='ltr'><strong>quomodo</strong></span> <span class='ocrx_word' id='word_1_104' title='bbox 1751 1413 2013 1498; x_wconf 85' lang='lat' dir='ltr'><strong>oporteat</strong></span> 
     </span>
     <span class='ocr_line' id='line_1_13' title="bbox 248 1511 742 1599; baseline 0.004 -26"><span class='ocrx_word' id='word_1_105' title='bbox 248 1514 434 1596; x_wconf 84' lang='lat' dir='ltr'><strong>legere</strong></span> <span class='ocrx_word' id='word_1_106' title='bbox 453 1511 742 1599; x_wconf 88' lang='lat' dir='ltr'><strong>probatos.</strong></span> 
     </span>
    </p>
   </div>
   <div class='ocr_carea' id='block_1_9' title="bbox 330 1607 2092 1693">
    <p class='ocr_par' dir='ltr' id='par_1_9' title="bbox 330 1607 2092 1693">
     <span class='ocr_line' id='line_1_14' title="bbox 330 1607 2092 1693; baseline -0.001 -23"><span class='ocrx_word' id='word_1_107' title='bbox 330 1613 420 1673; x_wconf 93' lang='lat' dir='ltr'><strong>De</strong></span> <span class='ocrx_word' id='word_1_108' title='bbox 456 1611 715 1693; x_wconf 75' lang='lat' dir='ltr'><strong>legendis</strong></span> <span class='ocrx_word' id='word_1_109' title='bbox 757 1611 1095 1671; x_wconf 68' lang='lat' dir='ltr'><strong>auctoribus</strong></span> <span class='ocrx_word' id='word_1_110' title='bbox 1134 1612 1288 1673; x_wconf 77' lang='lat' dir='ltr'><strong>varia</strong></span> <span class='ocrx_word' id='word_1_111' title='bbox 1324 1622 1409 1673; x_wconf 87' lang='lat' dir='ltr'><strong>est</strong></span> <span class='ocrx_word' id='word_1_112' title='bbox 1445 1607 1773 1672; x_wconf 83' lang='lat' dir='ltr'><strong>auctoritas.</strong></span> <span class='ocrx_word' id='word_1_113' title='bbox 1797 1610 2011 1672; x_wconf 75' lang='lat' dir='ltr'><strong>Cicero</strong></span> <span class='ocrx_word' id='word_1_114' title='bbox 2077 1665 2092 1686; x_wconf 48' lang='lat' dir='ltr'><strong><em>s</em></strong></span> 
     </span>
    </p>
   </div>
   <div class='ocr_carea' id='block_1_10' title="bbox 160 1706 2024 2575">
    <p class='ocr_par' dir='ltr' id='par_1_10' title="bbox 160 1706 2024 2575">
     <span class='ocr_line' id='line_1_15' title="bbox 160 1706 2013 1796; baseline -0.001 -29"><span class='ocrx_word' id='word_1_115' title='bbox 160 1793 165 1796; x_wconf 15' lang='grc' dir='ltr'>Ἦ</span> <span class='ocrx_word' id='word_1_116' title='bbox 251 1706 403 1768; x_wconf 88' lang='lat' dir='ltr'><strong>libro</strong></span> <span class='ocrx_word' id='word_1_117' title='bbox 441 1730 493 1785; x_wconf 84' lang='lat'><strong>1,</strong></span> <span class='ocrx_word' id='word_1_118' title='bbox 522 1709 595 1770; x_wconf 92' lang='lat' dir='ltr'><strong>de</strong></span> <span class='ocrx_word' id='word_1_119' title='bbox 619 1707 887 1784; x_wconf 86' lang='lat' dir='ltr'><strong>Oratore,</strong></span> <span class='ocrx_word' id='word_1_120' title='bbox 913 1732 944 1764; x_wconf 88' lang='lat'>«</span> <span class='ocrx_word' id='word_1_121' title='bbox 979 1707 1321 1769; x_wconf 87' lang='lat' dir='ltr'><strong>Exercenda</strong></span> <span class='ocrx_word' id='word_1_122' title='bbox 1344 1719 1426 1769; x_wconf 90' lang='lat' dir='ltr'><strong>est</strong></span> <span class='ocrx_word' id='word_1_123' title='bbox 1442 1753 1460 1783; x_wconf 89' lang='lat'>‚</span> <span class='ocrx_word' id='word_1_124' title='bbox 1478 1708 1707 1793; x_wconf 86' lang='lat' dir='ltr'><strong>inquit,</strong></span> <span class='ocrx_word' id='word_1_125' title='bbox 1738 1707 2013 1768; x_wconf 89' lang='lat' dir='ltr'><strong>memoria</strong></span> 
     </span>
     <span class='ocr_line' id='line_1_16' title="bbox 252 1795 2013 1888; baseline -0.001 -25"><span class='ocrx_word' id='word_1_126' title='bbox 252 1828 284 1863; x_wconf 79' lang='grc' dir='ltr'><strong>ιι</strong></span> <span class='ocrx_word' id='word_1_127' title='bbox 329 1804 641 1868; x_wconf 70' lang='lat' dir='ltr'><strong>ediscendis</strong></span> <span class='ocrx_word' id='word_1_128' title='bbox 661 1826 838 1888; x_wconf 89' lang='lat' dir='ltr'><strong>quam</strong></span> <span class='ocrx_word' id='word_1_129' title='bbox 857 1803 1121 1883; x_wconf 86' lang='lat' dir='ltr'><strong>plurimis</strong></span> <span class='ocrx_word' id='word_1_130' title='bbox 1143 1828 1175 1867; x_wconf 93' lang='lat' dir='ltr'><strong>e</strong></span> <span class='ocrx_word' id='word_1_131' title='bbox 1191 1806 1400 1866; x_wconf 87' lang='lat' dir='ltr'><strong>nostris</strong></span> <span class='ocrx_word' id='word_1_132' title='bbox 1413 1795 1690 1867; x_wconf 78' lang='lat' dir='ltr'><strong>etalienis</strong></span> <span class='ocrx_word' id='word_1_133' title='bbox 1705 1848 1722 1880; x_wconf 91' lang='lat'>,</span> <span class='ocrx_word' id='word_1_134' title='bbox 1742 1804 2013 1864; x_wconf 80' lang='lat' dir='ltr'><strong>omniurn</strong></span> 
     </span>
     <span class='ocr_line' id='line_1_17' title="bbox 254 1900 2015 1987; baseline 0.001 -25"><span class='ocrx_word' id='word_1_135' title='bbox 254 1927 287 1962; x_wconf 72' lang='lat' dir='ltr'><strong>n</strong></span> <span class='ocrx_word' id='word_1_136' title='bbox 330 1903 619 1966; x_wconf 86' lang='lat' dir='ltr'><strong>honarum</strong></span> <span class='ocrx_word' id='word_1_137' title='bbox 653 1906 869 1965; x_wconf 89' lang='lat' dir='ltr'><strong>artium</strong></span> <span class='ocrx_word' id='word_1_138' title='bbox 908 1905 1208 1987; x_wconf 86' lang='lat' dir='ltr'><strong>scriptores</strong></span> <span class='ocrx_word' id='word_1_139' title='bbox 1247 1915 1307 1965; x_wconf 89' lang='lat' dir='ltr'><strong>et</strong></span> <span class='ocrx_word' id='word_1_140' title='bbox 1343 1901 1646 1966; x_wconf 86' lang='lat' dir='ltr'><strong>dictatores</strong></span> <span class='ocrx_word' id='word_1_141' title='bbox 1685 1900 1914 1985; x_wconf 81' lang='lat' dir='ltr'><strong>legendi</strong></span> <span class='ocrx_word' id='word_1_142' title='bbox 1955 1914 2015 1964; x_wconf 85' lang='lat' dir='ltr'><strong>et</strong></span> 
     </span>
     <span class='ocr_line' id='line_1_18' title="bbox 252 2000 2024 2084; baseline 0 -25"><span class='ocrx_word' id='word_1_143' title='bbox 252 2024 285 2059; x_wconf 77' lang='grc' dir='ltr'><strong>ιι</strong></span> <span class='ocrx_word' id='word_1_144' title='bbox 329 2001 757 2084; x_wconf 81' lang='lat' dir='ltr'><strong>pervolutandi,</strong></span> <span class='ocrx_word' id='word_1_145' title='bbox 786 2000 1159 2083; x_wconf 87' lang='lat' dir='ltr'><strong>perdiscenda</strong></span> <span class='ocrx_word' id='word_1_146' title='bbox 1178 2001 1370 2062; x_wconf 89' lang='lat' dir='ltr'><strong>omnis</strong></span> <span class='ocrx_word' id='word_1_147' title='bbox 1390 2002 1727 2083; x_wconf 87' lang='lat' dir='ltr'><strong>antiquitas.</strong></span> <span class='ocrx_word' id='word_1_148' title='bbox 1762 2023 1792 2057; x_wconf 74' lang='grc' dir='ltr'><strong>ιι</strong></span> <span class='ocrx_word' id='word_1_149' title='bbox 1823 2000 2024 2063; x_wconf 28' lang='lat' dir='ltr'><strong>Aliter*</strong></span> 
     </span>
     <span class='ocr_line' id='line_1_19' title="bbox 248 2094 2013 2185; baseline -0.002 -22"><span class='ocrx_word' id='word_1_150' title='bbox 248 2100 487 2179; x_wconf 83' lang='lat' dir='ltr'><strong>Seneca,</strong></span> <span class='ocrx_word' id='word_1_151' title='bbox 503 2101 622 2185; x_wconf 86' lang='lat' dir='ltr'><strong>Ep.</strong></span> <span class='ocrx_word' id='word_1_152' title='bbox 643 2123 702 2164; x_wconf 86' lang='lat'><strong>2.</strong></span> <span class='ocrx_word' id='word_1_153' title='bbox 729 2105 761 2160; x_wconf 72' lang='grc' dir='ltr'><strong>ιι</strong></span> <span class='ocrx_word' id='word_1_154' title='bbox 779 2101 931 2165; x_wconf 88' lang='lat' dir='ltr'><strong>Vide</strong></span> <span class='ocrx_word' id='word_1_155' title='bbox 948 2123 1025 2163; x_wconf 89' lang='lat' dir='ltr'><strong>ne</strong></span> <span class='ocrx_word' id='word_1_156' title='bbox 1043 2102 1152 2162; x_wconf 84' lang='lat' dir='ltr'><strong>ista</strong></span> <span class='ocrx_word' id='word_1_157' title='bbox 1173 2094 1346 2162; x_wconf 84' lang='lat' dir='ltr'><strong>lectio</strong></span> <span class='ocrx_word' id='word_1_158' title='bbox 1370 2100 1687 2162; x_wconf 86' lang='lat' dir='ltr'><strong>multorum</strong></span> <span class='ocrx_word' id='word_1_159' title='bbox 1706 2110 2013 2162; x_wconf 87' lang='lat' dir='ltr'><strong>auctorum</strong></span> 
     </span>
     <span class='ocr_line' id='line_1_20' title="bbox 255 2197 2014 2282; baseline -0.003 -20"><span class='ocrx_word' id='word_1_160' title='bbox 255 2227 287 2262; x_wconf 76' lang='grc' dir='ltr'><strong>ιι</strong></span> <span class='ocrx_word' id='word_1_161' title='bbox 330 2212 393 2264; x_wconf 91' lang='lat' dir='ltr'><strong>et</strong></span> <span class='ocrx_word' id='word_1_162' title='bbox 418 2201 611 2262; x_wconf 86' lang='lat' dir='ltr'><strong>omnis</strong></span> <span class='ocrx_word' id='word_1_163' title='bbox 633 2200 856 2281; x_wconf 83' lang='lat' dir='ltr'><strong>generis</strong></span> <span class='ocrx_word' id='word_1_164' title='bbox 889 2198 1270 2259; x_wconf 79' lang='lat' dir='ltr'><strong>voluminum·</strong></span> <span class='ocrx_word' id='word_1_165' title='bbox 1297 2197 1509 2259; x_wconf 85' lang='lat' dir='ltr'><strong>habeat</strong></span> <span class='ocrx_word' id='word_1_166' title='bbox 1544 2198 1770 2282; x_wconf 84' lang='lat' dir='ltr'><strong>aliquid</strong></span> <span class='ocrx_word' id='word_1_167' title='bbox 1804 2211 2014 2279; x_wconf 80' lang='lat' dir='ltr'><strong>vagum</strong></span> 
     </span>
     <span class='ocr_line' id='line_1_21' title="bbox 256 2288 2015 2375; baseline -0.003 -17"><span class='ocrx_word' id='word_1_168' title='bbox 256 2323 289 2358; x_wconf 70' lang='grc' dir='ltr'><strong>»ι</strong></span> <span class='ocrx_word' id='word_1_169' title='bbox 332 2308 392 2361; x_wconf 86' lang='lat' dir='ltr'><strong>et</strong></span> <span class='ocrx_word' id='word_1_170' title='bbox 432 2295 724 2359; x_wconf 88' lang='lat' dir='ltr'><strong>instabile.</strong></span> <span class='ocrx_word' id='word_1_171' title='bbox 744 2296 751 2299; x_wconf 73' lang='grc'>’</span> <span class='ocrx_word' id='word_1_172' title='bbox 768 2295 949 2357; x_wconf 86' lang='lat' dir='ltr'><strong>Certis</strong></span> <span class='ocrx_word' id='word_1_173' title='bbox 990 2295 1243 2375; x_wconf 83' lang='lat' dir='ltr'><strong>ingeniis</strong></span> <span class='ocrx_word' id='word_1_174' title='bbox 1285 2295 1579 2356; x_wconf 87' lang='lat' dir='ltr'><strong>immorari</strong></span> <span class='ocrx_word' id='word_1_175' title='bbox 1626 2290 1687 2357; x_wconf 86' lang='lat' dir='ltr'><strong>et</strong></span> <span class='ocrx_word' id='word_1_176' title='bbox 1736 2288 2015 2355; x_wconf 80' lang='lat' dir='ltr'><strong>innutriri</strong></span> 
     </span>
     <span class='ocr_line' id='line_1_22' title="bbox 257 2386 2016 2478; baseline -0.003 -22"><span class='ocrx_word' id='word_1_177' title='bbox 257 2419 289 2456; x_wconf 77' lang='grc' dir='ltr'><strong>ιι</strong></span> <span class='ocrx_word' id='word_1_178' title='bbox 333 2404 590 2478; x_wconf 88' lang='lat' dir='ltr'><strong>oportet,</strong></span> <span class='ocrx_word' id='word_1_179' title='bbox 612 2393 661 2454; x_wconf 89' lang='lat' dir='ltr'><strong>si</strong></span> <span class='ocrx_word' id='word_1_180' title='bbox 683 2393 822 2455; x_wconf 82' lang='lat' dir='ltr'><strong>velis</strong></span> <span class='ocrx_word' id='word_1_181' title='bbox 845 2393 1070 2476; x_wconf 89' lang='lat' dir='ltr'><strong>aliquid</strong></span> <span class='ocrx_word' id='word_1_182' title='bbox 1095 2392 1317 2457; x_wconf 84' lang='lat' dir='ltr'><strong>trahere</strong></span> <span class='ocrx_word' id='word_1_183' title='bbox 1331 2438 1350 2470; x_wconf 91' lang='lat'><em>,</em></span> <span class='ocrx_word' id='word_1_184' title='bbox 1367 2393 1539 2476; x_wconf 81' lang='lat' dir='ltr'><strong>&#39;quod</strong></span> <span class='ocrx_word' id='word_1_185' title='bbox 1560 2386 1625 2454; x_wconf 88' lang='lat' dir='ltr'><strong>in</strong></span> <span class='ocrx_word' id='word_1_186' title='bbox 1647 2392 1849 2467; x_wconf 47' lang='lat' dir='ltr'><strong>,animo</strong></span> <span class='ocrx_word' id='word_1_187' title='bbox 1871 2389 2016 2451; x_wconf 88' lang='lat' dir='ltr'><strong>fide-</strong></span> 
     </span>
     <span class='ocr_line' id='line_1_23' title="bbox 258 2484 2016 2575; baseline -0.002 -23"><span class='ocrx_word' id='word_1_188' title='bbox 258 2517 291 2552; x_wconf 83' lang='lat'>»</span> <span class='ocrx_word' id='word_1_189' title='bbox 335 2493 470 2554; x_wconf 87' lang='lat' dir='ltr'><strong>liter</strong></span> <span class='ocrx_word' id='word_1_190' title='bbox 497 2490 709 2552; x_wconf 85' lang='lat' dir='ltr'><strong>sedeat.</strong></span> <span class='ocrx_word' id='word_1_191' title='bbox 745 2491 1050 2574; x_wconf 82' lang='lat' dir='ltr'><strong>Nusquam</strong></span> <span class='ocrx_word' id='word_1_192' title='bbox 1078 2502 1162 2553; x_wconf 88' lang='lat' dir='ltr'><strong>est</strong></span> <span class='ocrx_word' id='word_1_193' title='bbox 1192 2492 1298 2575; x_wconf 89' lang='lat' dir='ltr'><strong>qui</strong></span> <span class='ocrx_word' id='word_1_194' title='bbox 1334 2484 1554 2575; x_wconf 87' lang='lat' dir='ltr'><strong>ubique</strong></span> <span class='ocrx_word' id='word_1_195' title='bbox 1588 2503 1693 2557; x_wconf 77' lang='lat' dir='ltr'><strong>est.</strong></span> <span class='ocrx_word' id='word_1_196' title='bbox 1731 2487 2016 2553; x_wconf 85' lang='lat' dir='ltr'><strong>Distrahit</strong></span> 
     </span>
    </p>
   </div>
   <div class='ocr_carea' id='block_1_11' title="bbox 257 2586 2064 2769">
    <p class='ocr_par' dir='ltr' id='par_1_11' title="bbox 257 2586 2064 2768">
     <span class='ocr_line' id='line_1_24' title="bbox 259 2586 2036 2672; baseline 0.001 -26"><span class='ocrx_word' id='word_1_197' title='bbox 259 2612 293 2646; x_wconf 75' lang='grc' dir='ltr'><strong>ιι</strong></span> <span class='ocrx_word' id='word_1_198' title='bbox 336 2588 600 2650; x_wconf 87' lang='lat' dir='ltr'><strong>animum</strong></span> <span class='ocrx_word' id='word_1_199' title='bbox 622 2586 902 2663; x_wconf 87' lang='lat' dir='ltr'><strong>librorum</strong></span> <span class='ocrx_word' id='word_1_200' title='bbox 924 2587 1283 2647; x_wconf 80' lang='lat' dir='ltr'><strong>multitudo:</strong></span> <span class='ocrx_word' id='word_1_201' title='bbox 1306 2589 1505 2672; x_wconf 89' lang='lat' dir='ltr'><strong>itaque</strong></span> <span class='ocrx_word' id='word_1_202' title='bbox 1525 2610 1661 2651; x_wconf 88' lang='lat' dir='ltr'><strong>cum</strong></span> <span class='ocrx_word' id='word_1_203' title='bbox 1683 2588 1872 2668; x_wconf 80' lang='lat' dir='ltr'><strong>legere</strong></span> <span class='ocrx_word' id='word_1_204' title='bbox 1889 2606 2036 2647; x_wconf 87' lang='lat' dir='ltr'><strong>non.</strong></span> 
     </span>
     <span class='ocr_line' id='line_1_25' title="bbox 257 2678 2064 2769; baseline -0.001 -25"><span class='ocrx_word' id='word_1_205' title='bbox 257 2709 291 2744; x_wconf 69' lang='grc' dir='ltr'><strong>ιι</strong></span> <span class='ocrx_word' id='word_1_206' title='bbox 335 2686 586 2767; x_wconf 84' lang='lat' dir='ltr'><strong>potueris</strong></span> <span class='ocrx_word' id='word_1_207' title='bbox 610 2678 902 2768; x_wconf 86' lang='lat' dir='ltr'><strong>quantum</strong></span> <span class='ocrx_word' id='word_1_208' title='bbox 935 2683 1203 2746; x_wconf 61' lang='lat' dir='ltr'><strong>halbueris</strong></span> <span class='ocrx_word' id='word_1_209' title='bbox 1219 2729 1235 2759; x_wconf 89' lang='lat'>,</span> <span class='ocrx_word' id='word_1_210' title='bbox 1271 2696 1355 2746; x_wconf 90' lang='lat' dir='ltr'><strong>sat</strong></span> <span class='ocrx_word' id='word_1_211' title='bbox 1379 2694 1470 2746; x_wconf 79' lang='lat' dir='ltr'><strong>&#39;est&#39;</strong></span> <span class='ocrx_word' id='word_1_212' title='bbox 1487 2684 1698 2744; x_wconf 85' lang='lat' dir='ltr'><strong>habere</strong></span> <span class='ocrx_word' id='word_1_213' title='bbox 1725 2691 2017 2769; x_wconf 87' lang='lat' dir='ltr'><strong>quantum</strong></span> <span class='ocrx_word' id='word_1_214' title='bbox 2035 2715 2064 2743; x_wconf 92' lang='lat'><strong>-.</strong></span> 
     </span>
    </p>
   </div>
   <div class='ocr_carea' id='block_1_12' title="bbox 253 2779 2019 3205">
    <p class='ocr_par' dir='ltr' id='par_1_12' title="bbox 253 2779 2019 3157">
     <span class='ocr_line' id='line_1_26' title="bbox 258 2779 2017 2864; baseline -0.003 -22"><span class='ocrx_word' id='word_1_215' title='bbox 258 2806 293 2842; x_wconf 70' lang='grc' dir='ltr'><strong>ιι</strong></span> <span class='ocrx_word' id='word_1_216' title='bbox 337 2781 577 2864; x_wconf 76' lang='lat' dir='ltr'><strong>legas.»</strong></span> <span class='ocrx_word' id='word_1_217' title='bbox 596 2781 682 2842; x_wconf 79' lang='lat' dir='ltr'><strong>At</strong></span> <span class='ocrx_word' id='word_1_218' title='bbox 702 2781 749 2842; x_wconf 84' lang='lat' dir='ltr'><strong>si</strong></span> <span class='ocrx_word' id='word_1_219' title='bbox 775 2792 1028 2843; x_wconf 88' lang='lat' dir='ltr'><strong>mentem</strong></span> <span class='ocrx_word' id='word_1_220' title='bbox 1051 2782 1352 2864; x_wconf 86' lang='lat' dir='ltr'><strong>utriusque</strong></span> <span class='ocrx_word' id='word_1_221' title='bbox 1373 2780 1549 2862; x_wconf 87' lang='lat' dir='ltr'><strong>paulo</strong></span> <span class='ocrx_word' id='word_1_222' title='bbox 1569 2779 1845 2840; x_wconf 83' lang='lat' dir='ltr'><strong>attentius</strong></span> <span class='ocrx_word' id='word_1_223' title='bbox 1872 2794 2017 2839; x_wconf 82' lang='lat' dir='ltr'><strong>exa-</strong></span> 
     </span>
     <span class='ocr_line' id='line_1_27' title="bbox 255 2874 2017 2962; baseline -0.003 -23"><span class='ocrx_word' id='word_1_224' title='bbox 255 2879 474 2954; x_wconf 88' lang='lat' dir='ltr'><strong>mines,</strong></span> <span class='ocrx_word' id='word_1_225' title='bbox 516 2878 746 2939; x_wconf 91' lang='lat' dir='ltr'><strong>nullam</strong></span> <span class='ocrx_word' id='word_1_226' title='bbox 788 2874 1230 2962; x_wconf 84' lang='lat' dir='ltr'><strong>discrepantiam</strong></span> <span class='ocrx_word' id='word_1_227' title='bbox 1270 2875 1679 2960; x_wconf 81' lang='lat' dir='ltr'><strong>deprehendes.</strong></span> <span class='ocrx_word' id='word_1_228' title='bbox 1720 2875 1862 2952; x_wconf 89' lang='lat' dir='ltr'><strong>Qui</strong></span> <span class='ocrx_word' id='word_1_229' title='bbox 1880 2894 2017 2934; x_wconf 88' lang='lat' dir='ltr'><strong>cum</strong></span> 
     </span>
     <span class='ocr_line' id='line_1_28' title="bbox 253 2964 2019 3053; baseline -0.005 -15"><span class='ocrx_word' id='word_1_230' title='bbox 253 2976 532 3038; x_wconf 86' lang='lat' dir='ltr'><strong>Cicerone</strong></span> <span class='ocrx_word' id='word_1_231' title='bbox 559 2975 936 3036; x_wconf 81' lang='lat' dir='ltr'><strong>multifariam</strong></span> <span class='ocrx_word' id='word_1_232' title='bbox 963 2977 1273 3038; x_wconf 87' lang='lat' dir='ltr'><strong>lectionem</strong></span> <span class='ocrx_word' id='word_1_233' title='bbox 1301 2964 1744 3047; x_wconf 86' lang='lat' dir='ltr'><strong>commendant,</strong></span> <span class='ocrx_word' id='word_1_234' title='bbox 1773 2973 1815 3031; x_wconf 85' lang='lat' dir='ltr'><strong>ii</strong></span> <span class='ocrx_word' id='word_1_235' title='bbox 1837 2971 2019 3053; x_wconf 85' lang='lat' dir='ltr'><strong>respi-</strong></span> 
     </span>
     <span class='ocr_line' id='line_1_29' title="bbox 253 3070 2018 3205; baseline -0.005 -69"><span class='ocrx_word' id='word_1_236' title='bbox 253 3076 423 3136; x_wconf 89' lang='lat' dir='ltr'><strong>ciunt</strong></span> <span class='ocrx_word' id='word_1_237' title='bbox 447 3090 641 3135; x_wconf 83' lang='lat' dir='ltr'><strong>rerum</strong></span> <span class='ocrx_word' id='word_1_238' title='bbox 661 3073 1059 3136; x_wconf 86' lang='lat' dir='ltr'><strong>inventionem</strong></span> <span class='ocrx_word' id='word_1_239' title='bbox 1085 3086 1145 3137; x_wconf 92' lang='lat' dir='ltr'><strong>et</strong></span> <span class='ocrx_word' id='word_1_240' title='bbox 1165 3072 1620 3205; x_wconf 83' lang='lat' dir='ltr'><strong>suppellectilem</strong></span> <span class='ocrx_word' id='word_1_241' title='bbox 1634 3117 1653 3148; x_wconf 92' lang='lat'>‚</span> <span class='ocrx_word' id='word_1_242' title='bbox 1677 3088 1810 3154; x_wconf 84' lang='lat' dir='ltr'><strong>quae</strong></span> <span class='ocrx_word' id='word_1_243' title='bbox 1835 3070 2018 3130; x_wconf 85' lang='lat' dir='ltr'><strong>nimia</strong></span> 
     </span>
    </p>
   </div>
   <div class='ocr_carea' id='block_1_13' title="bbox 253 3293 2013 3448">
    <p class='ocr_par' dir='ltr' id='par_1_13' title="bbox 253 3293 2013 3448">
     <span class='ocr_line' id='line_1_30' title="bbox 320 3293 2013 3365; baseline -0.003 -18"><span class='ocrx_word' id='word_1_244' title='bbox 320 3294 396 3365; x_wconf 82' lang='grc' dir='ltr'><strong>(ι)</strong></span> <span class='ocrx_word' id='word_1_245' title='bbox 439 3296 613 3346; x_wconf 76' lang='lat' dir='ltr'><strong>Canta</strong></span> <span class='ocrx_word' id='word_1_246' title='bbox 641 3293 865 3346; x_wconf 72' lang='lat' dir='ltr'><strong>column</strong></span> <span class='ocrx_word' id='word_1_247' title='bbox 890 3310 1012 3346; x_wconf 89' lang='lat' dir='ltr'><strong>non</strong></span> <span class='ocrx_word' id='word_1_248' title='bbox 1031 3294 1236 3346; x_wconf 76' lang='lat' dir='ltr'><strong>videtur</strong></span> <span class='ocrx_word' id='word_1_249' title='bbox 1263 3305 1400 3349; x_wconf 83' lang='lat' dir='ltr'><strong>recte</strong></span> <span class='ocrx_word' id='word_1_250' title='bbox 1432 3295 1665 3349; x_wconf 76' lang='lat' dir='ltr'><strong>instituta</strong></span> <span class='ocrx_word' id='word_1_251' title='bbox 1695 3293 2013 3362; x_wconf 83' lang='lat' dir='ltr'><strong>Metaphora;</strong></span> 
     </span>
     <span class='ocr_line' id='line_1_31' title="bbox 253 3376 1249 3448; baseline -0.002 -18"><span class='ocrx_word' id='word_1_252' title='bbox 253 3378 444 3431; x_wconf 80' lang='lat' dir='ltr'><strong>melius</strong></span> <span class='ocrx_word' id='word_1_253' title='bbox 458 3377 707 3431; x_wconf 78' lang='lat' dir='ltr'><strong>dixisset·</strong></span> <span class='ocrx_word' id='word_1_254' title='bbox 702 3377 994 3448; x_wconf 78' lang='lat' dir='ltr'><strong>splendore</strong></span> <span class='ocrx_word' id='word_1_255' title='bbox 1011 3376 1249 3431; x_wconf 78' lang='lat' dir='ltr'><strong>colorari.</strong></span> 
     </span>
    </p>
   </div>
   <div class='ocr_carea' id='block_1_14' title="bbox 2235 93 2514 278">
    <p class='ocr_par' dir='ltr' id='par_1_14' title="bbox 2235 93 2514 278">
     <span class='ocr_line' id='line_1_32' title="bbox 2235 93 2462 176; baseline -0.018 -22"><span class='ocrx_word' id='word_1_256' title='bbox 2235 103 2240 110; x_wconf 54' lang='grc' dir='ltr'>Ι</span> <span class='ocrx_word' id='word_1_257' title='bbox 2265 93 2386 176; x_wconf 22' lang='lat' dir='ltr'><strong>&#39;KQ&#39;</strong></span> <span class='ocrx_word' id='word_1_258' title='bbox 2453 139 2462 150; x_wconf 72' lang='lat' dir='ltr'>n</span> 
     </span>
     <span class='ocr_line' id='line_1_33' title="bbox 2343 155 2514 188; baseline -0.035 0"><span class='ocrx_word' id='word_1_259' title='bbox 2343 161 2348 188; x_wconf 75' lang='lat'>1</span> <span class='ocrx_word' id='word_1_260' title='bbox 2385 155 2444 184; x_wconf 53' lang='lat'><strong>‘42’</strong></span> <span class='ocrx_word' id='word_1_261' title='bbox 2512 155 2514 182; x_wconf 73' lang='lat' dir='ltr'>i</span> 
     </span>
     <span class='ocr_line' id='line_1_34' title="bbox 2303 185 2514 228; baseline -0.005 -14"><span class='ocrx_word' id='word_1_262' title='bbox 2303 193 2324 214; x_wconf 73' lang='lat' dir='ltr'><em>t</em></span> <span class='ocrx_word' id='word_1_263' title='bbox 2395 185 2448 213; x_wconf 60' lang='lat' dir='ltr'><strong>“f</strong></span> <span class='ocrx_word' id='word_1_264' title='bbox 2509 203 2514 228; x_wconf 56' lang='lat'>4</span> 
     </span>
     <span class='ocr_line' id='line_1_35' title="bbox 2325 233 2514 260; baseline -0.011 -12"><span class='ocrx_word' id='word_1_265' title='bbox 2325 255 2330 260; x_wconf 69' lang='lat'><strong>.</strong></span> <span class='ocrx_word' id='word_1_266' title='bbox 2437 241 2440 244; x_wconf 97' lang='lat'>-</span> <span class='ocrx_word' id='word_1_267' title='bbox 2471 233 2514 248; x_wconf 38' lang='grc' dir='ltr'><strong>οι</strong></span> 
     </span>
     <span class='ocr_line' id='line_1_36' title="bbox 2477 261 2514 278; baseline 0 0"><span class='ocrx_word' id='word_1_268' title='bbox 2477 261 2488 270; x_wconf 48' lang='lat'><em>7</em></span> <span class='ocrx_word' id='word_1_269' title='bbox 2512 269 2514 278; x_wconf 67' lang='lat'>4</span> 
     </span>
    </p>
   </div>
  </div>
 </body>
</html>
