2520 4211
998 338 1026 429 (
1079 340 1199 407 123
1246 336 1284 428 J

319 480 510 542 Notus
539 479 871 563 frequentes
903 479 1183 562 procellas
1213 480 1469 542 concitat
1502 479 1568 539 in
1597 473 1741 539 mari
1765 477 2012 561 illyrico

238 579 390 641 circa
420 598 687 641 occasum
712 578 949 639 Orionis
974 579 1127 640 astri.

506 693 758 778 Necsera
776 708 1010 762 coeruled
1030 710 1231 761 domuit
1251 709 1534 762 Germania
1557 709 1706 777 pube.
1801 701 1944 760 Ηόιὶ.

248 817 251 822 ’
270 811 627 888 Germanis
649 828 837 902 enim,
859 838 1000 890 teste
1016 829 1254 904 Tacito,
1276 840 1465 890 truces
1486 840 1545 889 et
1566 828 1804 894 coerulei
1827 826 2013 901 oculi,

239 946 569 1007 magnaque
591 937 648 985 et
666 924 772 984 ad
754 937 1041 1007 impetum
1063 926 1253 988 valida
1274 942 1532 1005 corpora.
1559 927 1722 991 Idem
1744 925 2038 986 Horatius·

238 1024 598 1085 Mercurium
629 1023 774 1083 dicit

516 1154 804 1220 Callidum,
830 1157 1081 1223 quidquid
1104 1158 1320 1227 placuit,
1332 1159 1514 1225 jocoso

577 1240 808 1292 Condere
831 1239 988 1292 furto.
1076 1299 1083 1307 ¹

231 1348 397 1430 ‘quod
435 1348 631 1411 infans
670 1350 938 1429 Apollini
981 1352 1242 1433 primum
1278 1351 1639 1413 subduxerat
1676 1371 1904 1424 vaccaS,
1944 1371 2011 1409 ac

237 1446 451 1508 deinde
477 1450 659 1530 ipsam
687 1448 1015 1532 pharetram
1038 1471 1176 1511 cum
1201 1450 1346 1511 telis,

437 1579 724 1631 Romulum
748 1590 856 1649 post
879 1583 972 1634 hos
990 1581 1132 1650 prius
1166 1581 1413 1648 (canam).
1400 1576 1424 1616 ἶ)
1445 1577 1533 1632 An
1555 1581 1806 1662 quietum

436 1661 658 1732 Pompili
681 1681 897 1733 regnum
919 1665 1236 1717 memorem?
1255 1665 1349 1717 An
1371 1664 1612 1734 superbos

436 1746 692 1813 Tarquini
714 1748 894 1814 fasces,
918 1750 1129 1812 dubito,
1147 1767 1214 1800 an
1235 1750 1444 1801 Catonis

636 1833 827 1884 Nobile
850 1834 1055 1883 lethum
1076 1832 1100 1881 Ρ

315 1944 510 2004 Numa
528 1945 880 2024 Pompilius,
897 1968 1002 2006 rex
1024 1947 1428 2006 Romanorum
1443 1990 1460 2021 ‚
1479 1944 1699 2024 justitia
1721 1955 1777 2005 et
1801 1944 2009 2025 pietate

231 2042 506 2124 insignis,
554 2054 741 2107 truces
779 2056 838 2105 et
879 2044 1055 2126 longa
1092 2043 1303 2102 militia
1339 2043 1599 2104 efferatos
1643 2042 2007 2109 subditorum

230 2138 457 2200 animos
479 2141 551 2200 ad
573 2152 755 2202 artem
777 2143 935 2224 pacis
953 2142 1235 2203 traduxit.
1251 2141 1676 2224 Tarquinium,
1696 2140 2009 2221 septimum

231 2245 290 2295 et
331 2234 607 2297 ultimum
647 2259 840 2319 regem
883 2261 1086 2317 suum,
1126 2240 1377 2313 Romani
1420 2249 1652 2322 propter
1688 2238 2008 2297 immanem

231 2332 409 2412 ipsius
435 2335 810 2417 superbiam
793 2356 859 2396 1n
884 2337 1136 2398 exilium
1162 2348 1428 2421 egerunt.
1461 2338 1638 2398 Cato
1615 2337 2008 2430 ,cognomine

231 2428 543 2505 Uticensis,
571 2455 708 2494 cum
737 2455 1064 2516 oppressam
1095 2458 1130 2495 a
1156 2437 1371 2499 Caesare
1403 2437 1731 2498 libertatem
1761 2433 2005 2509 videret,

233 2540 436 2591 necem
486 2530 593 2591 sibi
638 2533 953 2604 conscivit,
995 2556 1072 2593 ne
1119 2535 1452 2614 reipublicae
1500 2545 1778 2615 superstes
1833 2540 2004 2608 esset,

231 2636 410 2710 atque
441 2627 571 2689 ideo
593 2629 869 2690 Horatius
894 2632 1122 2689 lechum
1142 2630 1377 2692 Catonis
1401 2647 1569 2693 vocat
1589 2631 1804 2692 nobile.

308 2724 480 2785 Unde
511 2737 668 2806 patet
697 2748 879 2810 quam
904 2728 1063 2788 utilis
1093 2729 1167 2788 sit
1190 2728 1386 2787 Poetis
1417 2726 1843 2808 Philosophiae,
1868 2726 2008 2786 His-

229 2823 422 2895 toriae,
466 2822 855 2907 Mythologiae
893 2826 1260 2908 aliarumque
1302 2826 1674 2886 scientiarum
1718 2824 2006 2904 cognitio,

229 2924 353 2984 nine
376 2925 505 3008 qua.
518 2923 710 3019 solum
737 2929 1046 3009 ingenium
1070 2927 1226 2988 brevi
1250 2938 1464 3009 arescat
1485 2916 1710 2987 necesse
1739 2935 1843 2985 est.

982 3062 1143 3121 ΛΒΤ.
1194 3084 1254 3122 2.

421 3190 520 3248 De
552 3192 848 3251 Fontibus
867 3195 1343 3270 particularibus
1379 3173 1815 3273 Epithetorum.

314 3335 375 3380 1⁰
414 3327 594 3403 Tropi
606 3370 629 3397 ,
666 3327 940 3402 inprimis
969 3327 1365 3404 Metaplmra,
1389 3325 1760 3406 Synecdoche
1787 3335 1843 3382 et
1867 3322 2011 3381 Me—

224 3425 513 3502 tonymia.
543 3422 627 3482 At
661 3422 801 3504 quia
832 3423 1169 3504 Troporum
1201 3424 1485 3489 rationem
1519 3443 1689 3502 supra
1720 3419 2008 3503 explana-
