2520 4211
1281 351 1559 442 (ιω)

803 490 1004 543 Audire
1022 507 1228 560 magnos
1237 494 1348 557 jam
1370 490 1547 560 vidmr
1566 488 1748 557 duces,

804 574 921 627 Non
945 575 1185 628 indecoro
1206 576 1417 645 pulvere
1435 575 1684 641 cor-didon

869 657 937 711 Et
956 669 1142 711 cuncta
1160 668 1416 710 terrarum
1435 659 1642 710 subacta
1657 694 1674 722 ,
1754 681 1761 688 ·

867 740 1059 794 Praeter
1076 751 1299 796 atrocem
1316 744 1552 796 animm
1567 741 1782 794 -Gatonin
1793 779 1810 808 ,
1827 749 1924 794 etc.

609 917 897 979 Accurata
918 937 1150 977 morum
1168 917 1474 1000 descriptio
1495 916 1707 978 dicitur
1733 916 2081 998 Ethopoenta,
2107 940 2316 1003 perso-

529 1035 740 1077 narum
772 1016 1331 1098 Prosopograplzia,
1367 1013 1632 1075 locorum
1671 1016 2114 1096 Topograpkia.
2156 1015 2315 1102 Spe-

528 1115 727 1176 ciatim
751 1116 824 1176 de
846 1114 963 1176 illis
982 1136 1217 1196 agemus
1240 1114 1309 1174 in
1332 1134 1459 1196 cap.
1479 1110 1537 1172 8.

607 1201 674 1274 5⁶
710 1215 1120 1295 InterrogatiO,
1142 1234 1271 1274 non
1288 1211 1393 1272 illa
1413 1210 1685 1293 vulgari5‚
1708 1210 1828 1293 quii
1849 1210 1995 1294 quid
2016 1211 2309 1294 simplici-

526 1322 615 1374 ter
648 1332 948 1394 rogamus,
975 1311 1073 1373 sed
1109 1297 1214 1370 illa
1238 1330 1420 1394 quam
1452 1303 1606 1369 inter
1634 1306 1926 1369 schemata
1951 1310 2308 1390 praestantis-

525 1411 671 1470 sima
718 1411 857 1471 artis
900 1409 1065 1490 periti
1110 1416 1451 1487 receperunt
1470 1450 1489 1479 ‚
1527 1402 1600 1464 fit
1644 1426 1782 1464 eum
1795 1451 1815 1481 ,
1860 1404 2229 1488 deflectentes
2271 1429 2308 1467 a

525 1505 786 1568 sermone
823 1504 1041 1590 directo
1071 1525 1197 1587 quo
1220 1503 1419 1564 liceret
1450 1501 1537 1561 uti
1553 1547 1571 1577 ‚
1607 1504 1988 1585 nosmetipsos
2024 1514 2126 1564 aut
2158 1503 2307 1566 alios

526 1604 978 1683 interrogamus,
1005 1623 1132 1662 non
1156 1611 1224 1662 ut
1249 1599 1420 1662 nobis
1444 1597 1857 1684 respondeatur
1875 1646 1892 1678 ,
1918 1601 2017 1663 sed
2044 1612 2112 1663 ut
2130 1602 2305 1664 verba

523 1710 749 1773 nostra,
779 1700 939 1760 velut
971 1699 1186 1774 aculei,
1223 1699 1401 1760 altius
1428 1709 1732 1780 penetrent
1756 1699 1822 1759 in
1848 1701 2075 1764 animos
2101 1699 2306 1783 legen·

523 1798 696 1868 tium.
713 1797 934 1878 Figura
954 1796 1078 1858 haec
1100 1798 1362 1858 multum
1380 1796 1827 1859 efficaciaeaddit
1848 1799 2097 1859 orationi
2114 1800 2306 1861 Junc—

521 1896 643 1970 nis‚
673 1895 775 1956 lib.
817 1915 837 1954 1
874 1894 1037 1972 AEn.,
1066 1895 1190 1985 ’qua
1219 1897 1578 1976 semetipsam
1607 1893 1971 1976 inflammat,
2005 1918 2142 1957 cum
2176 1896 2303 1960 vela

522 1993 798 2057 facientes
818 1994 885 2055 in
905 1994 1135 2055 Italiam
1157 1994 1445 2077 Troianos
1470 1995 1716 2077 aspicit-2

661 2181 702 2231 .'
714 2215 938 2232 .....
974 2179 1352 2249 Meneincepto
1376 2179 1617 2230 desistere
1637 2177 1856 2244 victum,

654 2263 764 2315 Nec
785 2281 921 2332 posse
937 2264 1084 2316 Italia
1101 2263 1426 2316 Teucrorum
1439 2271 1677 2314 ‘avertere
1696 2276 1865 2330 regem
1880 2259 1907 2312 ?

656 2345 863 2414 Quippe
882 2357 1025 2398 vetor
1045 2348 1196 2399 fatis?
1213 2347 1448 2400 Pallasne
1465 2364 1685 2401 exurere
1708 2351 1916 2400 classem

657 2428 946 2496 Argivum,
970 2439 1122 2497 atque
1144 2432 1275 2499 ipsos
1296 2434 1460 2500 potuit
1483 2433 1808 2503 submergere
1830 2433 2094 2502 ponto?....

653 2513 753 2567 Ast
773 2531 890 2583 ege,
912 2533 1026 2582 quae
1044 2515 1226 2566 divum
1245 2515 1428 2568 incedo
1452 2518 1643 2584 regina,
1668 2518 1911 2586 Iovisque

655 2598 725 2655 Et
745 2616 903 2667 soror,
925 2609 978 2652 et
995 2603 1214 2665 conjux,
1236 2601 1345 2652 uni
1369 2614 1491 2653 oum
1512 2610 1659 2670 gente
1682 2611 1757 2654 tot
1776 2620 1936 2654 annos

653 2686 798 2740 Bella
820 2704 954 2756 gero.
976 2686 1042 2739 Et
1062 2687 1337 2754 quisquam
1352 2696 1554 2740 numen
1571 2687 1794 2741 Iunonis
1810 2690 1984 2740 aduret

653 2772 931 2840 Praeterea,
952 2782 1046 2825 aut
1064 2773 1281 2842 supplex
1293 2773 1652 2844 arisimpona‘t
1668 2772 1955 2827 honorem?
2016 2784 2022 2789 '

600 2942 926 3006 cumulatae
956 2944 1436 3029 inmagafiones
1462 2947 1580 3007 iuae
1599 2947 1892 3029 aptissime
1905 2929 2299 3029 -pihguntsu-

500 3040 756 3122 'perham
795 3044 1052 3103 animam
1092 3045 1375 3121 sunonis,
1416 3066 1485 3106 ac
1521 3045 1722 3106 odium
1759 3044 2130 3129 implacabile
2170 3068 2300 3129 quo

518 3139 964 3221 persequebatur
983 3141 1292 3218 Troianos.
1322 3144 1701 3226 Interrogatio
1735 3165 1878 3225 saepe
1909 3142 2300 3226 conjungitur

518 3256 656 3295 cum
697 3237 1113 3311 Dubitatione,
1157 3241 1398 3322 quando
1436 3240 1655 3308 scilicet
1694 3232 1860 3302 mens
1897 3239 2075 3302 haeret
2109 3240 2300 3307 dubia

519 3331 665 3416 quid
688 3342 821 3413 agat
844 3342 946 3392 aut
971 3333 1092 3415 quo
1114 3355 1173 3397 se
1198 3348 1518 3399 oenvertat.

597 3428 666 3489 6⁰
704 3431 1084 3491 Exclanuuio
1106 3454 1207 3514 per
1224 3433 1571 3518 Empfflm
1592 3445 1652 3498 et
1669 3436 2107 3516 Interjectiones
2133 3435 2299 3498 vehe-
