2520 4211
1164 283 1270 407 ³(
1325 313 1519 407 114>

634 488 885 509 ........
919 454 978 508 si
996 455 1113 523 quis
1134 456 1266 508 mihi
1290 456 1537 525 parvulus
1558 456 1675 524 aula

624 544 853 595 Ludere!
874 544 1093 607 AEneas,
1115 544 1208 610 qui
1228 553 1279 595 te
1303 538 1499 596 tantum
1523 562 1614 596 ore
1640 544 1868 598 referret.
2014 541 2180 598 νίκα.
2241 603 2246 608 ,

630 628 794 680 Crura
814 628 936 679 licet
955 629 1083 679 dura
1103 630 1344 696 compede
1361 629 1534 680 vincta
1550 668 1566 695 ,
1584 640 1789 682 sonent.
2013 630 2133 683 Tm.

568 788 626 826 c.
649 765 941 826 Usitatum
960 777 1044 826 est
1060 765 1214 848 apud
1233 765 1437 828 Ροὲιειε
1458 766 1698 827 verbum
1719 764 2017 852 proprium
2035 768 2273 838 reddere

489 884 594 945 per
624 863 855 925 brevem
895 864 1155 947 aliquam
1187 863 1602 945 Periphrasim.
1637 865 1711 923 V.
1746 887 1839 946 gr.
1877 867 2059 925 Illius
2096 886 2272 923 aram

490 983 649 1041 saepe
685 974 848 1022 tener
884 964 1100 1021 nostris
1139 962 1219 1019 ab
1259 962 1523 1021 ovilibus
1562 963 1784 1021 imbuet
1820 986 2019 1045 agnus
2032 988 2060 1037 ;
2101 984 2205 1045 pro
2252 987 2269 1021 ε

490 1060 603 1119 Illi
623 1080 781 1139 soepe
802 1059 1176 1119 mactabitur.
1208 1061 1421 1119 Multa
1447 1062 1600 1121 inter
1625 1083 1687 1120 se
1718 1084 1781 1119 se
1804 1066 1980 1121 vario
2007 1082 2270 1121 sennone

489 1157 792 1233 serebant;
817 1162 922 1240 pro'
946 1182 961 1216 :
994 1159 1271 1218 Multum
1296 1160 1451 1217 inter
1471 1180 1533 1216 se
1556 1159 2119 1239 confabulabantur.
2143 1159 2276 1217 Gur

488 1276 622 1314 mea
651 1255 813 1313 dicta
846 1276 1029 1335 negas
1064 1256 1248 1313 duras
1283 1256 1577 1315 demittere
1614 1258 1682 1313 in
1711 1278 1887 1316 aures
1897 1280 1925 1330 ;
1948 1277 2053 1338 pro
2086 1280 2100 1313 ι
2142 1257 2274 1315 Gur

487 1375 621 1413 mea
663 1353 823 1411 dicta
870 1354 1080 1411 audire
1123 1372 1323 1434 negas.
1369 1354 1729 1433 Irarumque
1768 1375 1978 1423 omnes,
2008 1351 2272 1434 effundit

490 1450 756 1508 habenas
770 1472 797 1523 ;
833 1470 935 1529 pro
968 1471 983 1506 t
1012 1449 1295 1507 Graviter
1311 1451 1610 1509 irascitur.
1628 1451 1823 1510 Duris
1849 1451 2017 1509 dolor
2031 1450 2269 1509 ossibus

488 1546 656 1606 ardet
659 1569 688 1620 ;
708 1567 814 1628 pro
834 1569 848 1604 :
877 1545 1266 1607 Vehementer
1281 1546 1456 1606 dolet.
1474 1548 1778 1607 Demisere
1798 1551 1929 1606 neci
1949 1569 2111 1607 nuuc
2135 1568 2273 1606 ms-

488 1666 625 1703 sum
654 1644 880 1702 lumine
901 1644 1109 1725 lugent
1116 1666 1139 1713 ,-
1168 1664 1275 1723 pro
1305 1666 1321 1700 ι
1356 1644 1712 1703 Occiderant
1725 1688 1748 1716 ,
1781 1637 1945 1703 nuuc
1967 1655 2269 1703 mortuum

487 1744 712 1821 lugent.
724 1739 814 1800 De
830 1738 1191 1821 longioribus
1207 1739 1826 1803 circumlocutionibus
1839 1763 2073 1824 agemus
2090 1742 2269 1801 infra.

566 1835 635 1896 6ο
666 1838 929 1898 Venusta
951 1837 1248 1898 interdum
1274 1837 1358 1898 est
1378 1838 1677 1900 translatio
1700 1842 2000 1917 Temporis
2021 1859 2270 1920 prasen-

486 1936 558 1997 tis
586 1935 658 1997 in
690 1935 1067 2017 praeteritum.
1091 1935 1174 1996 V.
1208 1955 1269 2016 g.
1303 1938 1611 2017 Magnum
1639 1938 1695 1995 si
1721 1938 1915 2014 possit
1942 1939 2270 1995 excussisse

484 2036 660 2095 deum
670 2057 697 2109 ;
719 2056 824 2118 pro
850 2058 865 2095 ε
900 2036 971 2095 Si
985 2036 1178 2114 possit
1197 2046 1458 2093 excutere
1480 2033 1674 2092 deum.
1686 2066 1766 2079 -
1783 2034 1845 2093 b.
1868 2033 2018 2093 Item
2037 2043 2271 2114 tempo·

483 2134 563 2195 ris
576 2133 846 2219 praeteriti
866 2134 930 2192 in
948 2153 1224 2214 praesens3
1246 2133 1353 2214 qui
1373 2132 1763 2193 translationis
1778 2130 1985 2191 modus
2005 2131 2267 2191 multum

486 2230 641 2291 valet
668 2230 732 2289 in
765 2228 1246 2309 descriptionibus
1275 2229 1532 2310 poeticis.
1562 2229 1645 2288 V.
1669 2249 1759 2309 gr.
1786 2227 1879 2287 Ni
1886 2229 2097 2309 saciat
2126 2226 2268 2308 (nisi

487 2336 690 2386 ventos
712 2335 1096 2406 compesceret
1117 2323 1345 2407 AEolus)
1363 2328 1589 2397 maria,
1614 2347 1687 2384 ac
1704 2338 1909 2398 terras,
1932 2325 2269 2404 coelumque

475 2421 853 2502 profundum
876 2424 1096 2503 quippe
1098 2421 1318 2502 ferant
1335 2423 1534 2500 rapidi
1554 2445 1748 2483 secum
1760 2447 1791 2498 ,⁶
1813 2444 1919 2506 pro
1941 2446 1956 2482 t
1982 2426 2077 2484 Ni
2077 2423 2268 2503 sace-

488 2533 600 2593 ret,
646 2521 849 2579 omnia
882 2541 1082 2579 secum
1099 2519 1337 2600 ferrent
1375 2523 1564 2581 venti.
1593 2554 1673 2568 --
1706 2544 1761 2581 c.
1800 2522 1950 2582 Usus
1987 2521 2266 2604 temporis

489 2617 781 2701 praesentis
813 2638 919 2699 pro
944 2615 1146 2677 futuro
1170 2617 1388 2698 optime
1414 2619 1690 2678 convenit
1715 2619 1963 2680 oraculis
1987 2619 2264 2693 deorum,

489 2715 704 2801 quibus
729 2715 928 2801 futura
951 2737 1075 2776 non
1100 2714 1297 2775 minus
1323 2725 1477 2775 certa
1499 2726 1638 2776 sunt
1656 2736 1835 2797 quam
1861 2716 2183 2799 praesentia.

570 2832 634 2897 7⁰
675 2815 901 2875 Modus
945 2814 1325 2887 indicativus,
1368 2812 1512 2872 dum
1554 2813 1780 2873 fervent
1823 2812 2093 2888 affectus,
2141 2812 2267 2874 ele-

441 2978 445 2983 ·
489 2922 696 2994 gauter
729 2915 992 2973 mutatur
1022 2912 1091 2972 in
1126 2908 1515 2971 infinitivum.
1535 2910 1619 2970 V.
1652 2930 1743 2992 gr.
1778 2910 2000 2969 Omnia
2033 2913 2268 2971 misceri

488 3010 752 3070 tumultu
766 3051 792 3081 ,
844 3012 990 3068 hinc
1040 3007 1318 3069 exaudiri
1369 3011 1678 3086 strepitum
1729 3029 2063 3080 armorum,
2124 3008 2270 3066 hinc

488 3109 782 3190 sanguine
804 3107 992 3166 solum
1019 3128 1265 3166 muare
1275 3130 1304 3180 ,-
1333 3127 1484 3194 prot
1519 3106 1936 3165 Miscebantur
1965 3108 2268 3177 tumultu,

489 3205 917 3265 exaudiebatur
939 3208 1244 3283 strepitus,
1270 3203 1556 3263 manabat
1588 3204 1802 3265 solum.
1829 3205 2013 3263 Mene
2034 3205 2267 3282 incepto

488 3304 760 3362 desistere
786 3304 1018 3381 uictam
1026 3346 1049 3372 ,
1072 3324 1180 3360 nec
1200 3323 1379 3381 posse
1405 3301 1597 3367 Italia
1628 3297 1985 3361 Teucrorum
2009 3313 2270 3359 avertem

491 3420 712 3482 regem5
732 3420 837 3481 pro
856 3421 871 3458 ε
889 3399 996 3459 An
1011 3421 1114 3482 ego
1130 3399 1431 3472 desistam,
1441 3419 1550 3465 uec
1562 3402 1754 3459 Italia
1762 3400 2029 3460 AEneam
2036 3401 2272 3477 possim
