2520 4211
1052 344 1234 435 (9)

335 500 641 568 Interdum
674 512 870 563 tamen
904 506 1326 565 Hexametrum
1360 505 1782 588 elegantissime
1801 507 2030 577 claudi-

256 613 354 658 tur
403 618 541 661 voce
589 599 1031 684 monosyllaba,
1067 603 1166 664 cui
1211 605 1500 687 praecipua
1540 606 1692 669 inest
1733 604 2032 670 sententiae

257 697 378 775 vi53
428 705 496 756 ut
532 721 545 755 t

396 836 678 883 Parturiunt
703 846 895 885 montes
914 869 930 898 ‚
956 849 1188 887 nascetur
1213 838 1494 888 ridiculus·
1472 832 1645 891 unus.

307 964 313 969 .
399 923 671 985 Sternitur,
701 926 1042 992 exanimisque
1069 938 1285 977 tremens
1310 929 1596 994 procumbit
1617 930 1804 980 humi·
1822 929 1933 980 bos.
1977 978 1980 979 γ

400 1040 479 1054 —-
507 996 795 1078 Insequitur
818 1015 1021 1063 cumulo
1047 1026 1330 1081 praeruptus
1360 1033 1537 1083 aquae·
1551 1035 1712 1068 mons.
1773 1078 1779 1087 ,

370 1166 375 1185 =
414 1132 921 1155 ...............
928 1104 1053 1153 Ruit
1075 1120 1311 1154 oceano·
1332 1121 1459 1184 nox.

342 1229 477 1305 Quo
498 1226 762 1311 pluribus
781 1225 1003 1288 caesuris
1024 1227 1284 1309 gaudent
1306 1228 1683 1305 Hexametra,
1711 1229 1756 1289 si
1780 1230 2032 1311 excipias

262 1325 780 1389 ennehemimerim
847 1336 905 1386 et
972 1324 1567 1388 hendechemimerim
1584 1373 1601 1404 ‚
1674 1347 1743 1390 eo
1809 1327 2052 1390 suavius

260 1425 487 1501 fluunt,
519 1447 616 1486 ex.
645 1445 733 1506 gr.

400 1565 564 1612 Marte
590 1562 784 1627 gravis-
801 1562 1082 1643 geminam:
1098 1574 1247 1630 partu
1263 1590 1287 1605 ·
1307 1565 1449 1614 dabit
1473 1566 1564 1616 Ilia
1588 1567 1799 1633 prolem.

404 1651 707 1716 Accipitrem
730 1678 754 1692 -
771 1663 994 1711 metuens
1009 1680 1034 1697 ·
1053 1656 1234 1719 pennis
1249 1681 1274 1695 -
1292 1655 1651 1722 trepidantibus
1674 1656 1794 1706 ales.

343 1771 435 1832 Ne
453 1781 650 1832 tamen
671 1770 788 1832 hoc
805 1773 887 1833 ita
907 1773 1131 1847 dictum
1147 1777 1353 1858 accipe
1372 1821 1388 1852 ,
1414 1786 1482 1836 ut
1501 1776 1721 1861 ubique
1744 1775 2034 1859 triplicem

259 1869 429 1932 illam
455 1891 725 1932 caesuram
762 1870 1022 1934 observes
1042 1898 1058 1951 3
1096 1894 1239 1933 nam
1277 1875 1478 1935 eodem
1520 1885 1721 1936 tenore
1754 1883 2034 1955 perpetuo

259 1968 452 2030 fluens
473 1990 705 2031 carmen
730 1969 917 2050 pariat
940 1969 1238 2031 fastidium
1255 1993 1484 2035 necesse
1505 1983 1611 2033 est.
1641 1979 1651 1991 “

242 2133 247 2136 ,
342 2065 429 2127 Ea
451 2077 536 2140 est
562 2086 903 2129 caesurarum
923 2066 1028 2141 vis,
1053 2077 1120 2127 ut
1141 2069 1497 2150 quandoque
1517 2066 1805 2152 syllabam
1827 2064 2037 2127 natura

259 2165 361 2228 sua
389 2165 623 2226 brevem
651 2164 981 2247 producant
998 2207 1015 2237 ‚
1052 2173 1120 2222 ut
1149 2164 1212 2222 in
1249 2162 1340 2260 bis
1370 2187 1388 2222 ε

400 2295 686 2361 Ἑαυὺίςυὲ,
709 2321 738 2333 -
757 2295 1010 2368 satyrique
1037 2306 1084 2368 et
1104 2296 1385 2354 monticoJae
1410 2297 1631 2363 Sylvani.
1671 2343 1674 2350 ,,

401 2383 695 2433 Pectoribus
716 2383 951 2432 -inhians
972 2385 1208 2453 spirantia
1231 2386 1452 2435 consulit
1478 2395 1612 2435 exta.

406 2477 512 2526 Sub
529 2479 656 2527 Jove
678 2477 897 2528 mundus
924 2489 1050 2543 erat,
1071 2506 1095 2518 -
1114 2479 1269 2528 subiit
1285 2506 1309 2518 -
1324 2490 1547 2547 argentea
1563 2505 1587 2518 -
1601 2477 1783 2544 proles.

341 2589 454 2650 IV.
496 2589 738 2664 Quoties
765 2609 966 2651 vocem
990 2580 1361 2652 terminatam
1383 2589 1574 2650 littera
1589 2590 1682 2663 M,
1707 2596 1811 2648 aut
1827 2585 2034 2659 vocali,

262 2697 366 2748 aut
396 2687 803 2769 diphthongo,
845 2690 1108 2770 sequitur
1143 2687 1495 2749 vocabulum
1523 2686 1809 2766 incipiens
1845 2685 2038 2746 littera

261 2787 325 2846 H
344 2832 363 2862 ‚
400 2785 492 2847 vel
519 2785 736 2860 vocali,
775 2783 868 2844 vel
902 2784 1311 2866 diphthongo,
1342 2782 1413 2842 fit
1440 2783 1638 2843 Elis-io
1652 2826 1673 2855 ,
1712 2803 1812 2843 sen
1837 2783 2038 2862 Syna-

263 2887 468 2964 loeplza
487 2909 510 2957 ,-
544 2886 587 2946 i.
625 2904 674 2945 e.
715 2905 745 2945 e
783 2882 1008 2944 duabus
1047 2882 1289 2964 syllabis
1324 2881 1580 2943 nascitur
1613 2902 1732 2943 una
1761 2902 1864 2963 per
1897 2902 2037 2968 con-

264 2985 609 3045 tractionem
641 2981 843 3065 prioris
876 2980 942 3040 in
973 2980 1365 3064 posteriorem.
1394 2979 1514 3041 Ex.
1544 3001 1634 3060 gr.

409 3109 707 3160 Conticuere
728 3124 924 3169 omnes,
948 3106 1225 3172 intentique
1250 3121 1335 3155 ora
1363 3106 1609 3176 tenebant.

214 3249 217 3250 ⁷
266 3222 389 3301 Qui
429 3241 621 3281 versus
638 3265 654 3296 ,
689 3220 764 3280 ad
797 3216 1250 3282 conservandam
1275 3212 1574 3302 Rhythmi
1608 3219 1997 3303 integritatem
2017 3261 2035 3292 ,

264 3323 350 3385 sic
371 3319 570 3383 scandi
591 3315 761 3381 debet
798 3343 812 3379 t

412 3446 692 3519 Conticuer'
721 3463 920 3511 omnes,
948 3446 1212 3513 intentiqu'
1231 3462 1319 3497 ora
1343 3446 1594 3498 tenebant.
