2520 4211
1136 293 1153 357 ’.
1250 292 1278 380 (
1322 293 1405 359 42
1453 293 1482 381 )
1593 302 1596 305 ’

753 443 922 501 numi
938 440 1182 504 Stvs‘u'vvse
1207 439 1354 514 πτέρ’
1375 434 1470 497 ἄας’
1492 440 1634 516 ὠραν’
1654 447 1786 501 αἰθί-

1047 545 1139 602 Ρος
1164 535 1254 593 διὰ
1275 559 1465 610 μισσω.

1069 696 1432 770 CAPUT
1500 699 1649 770 IX.

871 865 1001 937 De
1050 889 1392 972 versuum
1442 865 1892 939 cohortibus,

553 1032 692 1093 Non
732 1051 906 1093 omne
943 1035 1192 1094 Carmen
1230 1041 1460 1092 constat
1497 1052 1622 1103 uno
1662 1033 1982 1117 eodemque
2027 1046 2247 1110 metro,
2299 1109 2307 1115 ι

345 1201 354 1210 ,
472 1129 601 1206 sed,
642 1149 747 1210 pro
781 1148 975 1191 rerum
1007 1117 1463 1211 po'e'matumque
1488 1128 1836 1205 diversitate,
1861 1130 2251 1191 variefmixtis

405 1282 408 1284 ,
469 1227 606 1289 licet
625 1227 709 1288 uti
715 1267 733 1288 .
751 1226 917 1288 Certa
935 1227 1134 1308 regula
1152 1228 1300 1288 tradi
1320 1228 1544 1308 nequit.
1562 1227 1826 1311 Quilibet
1840 1225 1949 1289 suo
1963 1227 2250 1289 arbitratu

468 1326 680 1406 poterit
701 1323 1128 1406 opulentiorem
1147 1324 1379 1409 reddere
1393 1324 1646 1400 Possim,
1662 1322 2049 1407 excogitando
2071 1346 2250 1395 novas

468 1420 760 1496 cohortes,
784 1422 1106 1482 dummodo
1128 1422 1189 1481 id
1211 1421 1318 1483 fiat
1338 1443 1474 1482 cum
1501 1421 1741 1505 judicio.

549 1518 868 1580 Dramatici
916 1531 994 1580 et·
1032 1512 1213 1600 lyrici
1253 1521 1407 1580 vate's
1455 1520 1823 1596 Graecorum,
1873 1520 2247 1602 maximeque

471 1618 790 1691 Pindarm„
828 1616 1149 1676 immanem
1195 1634 1343 1696 saepe
1384 1637 1698 1676 numerum
1746 1617 2118 1679 miscuerunt.
2161 1619 2245 1677 At

470 1715 668 1775 Latini
691 1712 877 1775 sobrie
899 1712 1083 1792 magis
1104 1709 1216 1773 hac
1233 1711 1475 1772 licentia
1497 1713 1585 1774 usi
1608 1723 1767 1775 sunt.
2097 1728 2100 1731 ’

548 1809 822 1871 Horatius
866 1811 1178 1891 nunquam
1222 1809 1456 1869 miscuit
1500 1808 1671 1891 plura
1716 1809 1930 1889 tribus5
1978 1811 2248 1874 Catullus

469 1910 639 1971 etiam
663 1916 931 1990 quatuor.
960 1907 1033 1966 In
1060 1904 1176 1967 hoc
1201 1906 1387 1988 capite
1411 1914 1649 2003 agemus
1674 1917 1907 1969 tantum
1929 1908 2001 1970 de
2027 1907 2247 1970 cohor-

468 2007 624 2067 tibus
646 2025 912 2067 versuum
934 2003 1191 2066 maxime
1213 2002 1423 2065 obviis.

548 2105 798 2168 Carmen
843 2104 1022 2166 unius
1068 2104 1239 2165 metri
1286 2115 1523 2166 vocatur
1567 2105 1923 2165 Monocolon
1937 2148 1960 2175 ,
2004 2104 2249 2188 Duplici

471 2216 656 2278 metro
678 2208 1056 2278 contextum,
1081 2202 1379 2277 Dic-olon,-
1401 2202 1617 2285 triplici
1647 2204 1940 2262 Trioolon.
1977 2249 2000 2258 a

549 2302 614 2362 Si
648 2311 830 2363 metra
859 2298 1098 2360 alternis
1129 2301 1439 2360 recurrunt
1454 2343 1473 2374 ‚
1508 2299 1723 2359 dicitur
1755 2300 2123 2378 Discmplzon
2135 2324 2162 2373 ;
2200 2303 2250 2362 si

471 2408 603 2482 post
641 2398 879 2458 tertium
915 2414 1212 2477 quemque
1245 2416 1505 2470 versum,
1548 2397 1975 2472 Tam-opham
2022 2398 2068 2457 si
2118 2409 2252 2479 post

471 2504 748 2580 quartum
764 2536 782 2570 ‚
821 2492 1299 2573 Tetrastmplzon.
1333 2491 1490 2552 Sunt
1524 2492 1722 2574 itaque
1752 2495 2061 2556 carmina:

560 2606 620 2677 ιο
658 2588 972 2668 Monocola
1010 2589 1456 2696 Monostrophaf

554 2707 619 2751 2⁰
658 2687 865 2752 Dicola
894 2686 1226 2769 Distropha.

512 2791 623 2851 3⁰
660 2787 867 2851 Dicola
897 2786 1259 2868 Tristropha.

558 2887 626 2965 40
662 2884 872 2948 Dicola
908 2881 1341 2965 Tetrastropha.

561 2985 625 3043 50
663 2982 892 3044 Tricola
927 2979 1286 3063 Tristropha.
1367 3017 1402 3035 Γ

557 3078 627 3141 60
667 3077 901 3141 Trioola
934 3067 1369 3161 Tetrastropha.

382 2969 409 3000 N

1118 3229 1514 3289 Aancmms
1562 3248 1612 3288 1.

522 3341 535 3354 .
563 3370 821 3436 Dicolon
850 3366 1216 3452 Distrophon
1241 3368 1455 3434 dicitur
1478 3387 1712 3431 carmen
1727 3411 1744 3442 ,
1776 3367 1844 3427 in
1866 3387 1987 3449 quo
2014 3365 2255 3430 alternis
