<?xml version="1.0" encoding="UTF-8"?>
<!DOCTYPE html PUBLIC "-//W3C//DTD XHTML 1.0 Transitional//EN"
    "http://www.w3.org/TR/xhtml1/DTD/xhtml1-transitional.dtd">
<html xmlns="http://www.w3.org/1999/xhtml" xml:lang="en" lang="en">
 <head>
  <title>
</title>
<meta http-equiv="Content-Type" content="text/html;charset=utf-8" />
  <meta name='ocr-system' content='tesseract 3.04.00' />
  <meta name='ocr-capabilities' content='ocr_page ocr_carea ocr_par ocr_line ocrx_word'/>
</head>
<body>
  <div class='ocr_page' id='page_1' title='image "./manualepoeticum00kerzgoog_0095.png"; bbox 0 0 2520 4211; ppageno 0'>
   <div class='ocr_carea' id='block_1_1' title="bbox 1003 272 1257 427">
    <p class='ocr_par' dir='ltr' id='par_1_1' title="bbox 1003 272 1257 427">
     <span class='ocr_line' id='line_1_1' title="bbox 1003 272 1257 427; baseline -0.004 0"><span class='ocrx_word' id='word_1_1' title='bbox 1003 272 1257 427; x_wconf 55' lang='lat'>(85)-</span> 
     </span>
    </p>
   </div>
   <div class='ocr_carea' id='block_1_2' title="bbox 366 461 1592 555">
    <p class='ocr_par' dir='ltr' id='par_1_2' title="bbox 366 461 1592 555">
     <span class='ocr_line' id='line_1_2' title="bbox 366 461 1592 555; baseline -0.001 -15"><span class='ocrx_word' id='word_1_2' title='bbox 366 494 520 540; x_wconf 69' lang='lat' dir='ltr'><strong>Exere</strong></span> <span class='ocrx_word' id='word_1_3' title='bbox 538 488 755 537; x_wconf 76' lang='lat' dir='ltr'><strong>inveniet</strong></span> <span class='ocrx_word' id='word_1_4' title='bbox 770 486 942 537; x_wconf 65' lang='lat' dir='ltr'><strong>scabra</strong></span> <span class='ocrx_word' id='word_1_5' title='bbox 962 488 1187 555; x_wconf 76' lang='lat' dir='ltr'>rubigine</span> <span class='ocrx_word' id='word_1_6' title='bbox 1210 488 1324 537; x_wconf 81' lang='lat' dir='ltr'><strong>tela.</strong></span> <span class='ocrx_word' id='word_1_7' title='bbox 1454 461 1500 535; x_wconf 74' lang='lat' dir='ltr'><strong>&#39;l</strong></span> <span class='ocrx_word' id='word_1_8' title='bbox 1528 489 1592 540; x_wconf 88' lang='lat' dir='ltr'><strong>G.</strong></span> 
     </span>
    </p>
   </div>
   <div class='ocr_carea' id='block_1_3' title="bbox 365 577 1796 1003">
    <p class='ocr_par' dir='ltr' id='par_1_3' title="bbox 378 577 1413 644">
     <span class='ocr_line' id='line_1_3' title="bbox 378 577 1413 644; baseline -0.002 -17"><span class='ocrx_word' id='word_1_9' title='bbox 378 608 750 628; x_wconf 85' lang='grc'><strong>...........</strong></span> <span class='ocrx_word' id='word_1_10' title='bbox 774 578 1077 644; x_wconf 73' lang='lat' dir='ltr'><strong>cunctaeque</strong></span> <span class='ocrx_word' id='word_1_11' title='bbox 1098 577 1413 644; x_wconf 78' lang='lat' dir='ltr'><strong>profundum</strong></span> 
     </span>
    </p>

    <p class='ocr_par' dir='ltr' id='par_1_4' title="bbox 365 665 1796 1003">
     <span class='ocr_line' id='line_1_4' title="bbox 365 665 1485 734; baseline 0.003 -19"><span class='ocrx_word' id='word_1_12' title='bbox 365 669 584 718; x_wconf 83' lang='lat' dir='ltr'><strong>Pontum</strong></span> <span class='ocrx_word' id='word_1_13' title='bbox 611 665 1146 734; x_wconf 71' lang='lat' dir='ltr'><strong>aspectabantflentee·</strong></span> <span class='ocrx_word' id='word_1_14' title='bbox 1280 667 1315 714; x_wconf 84' lang='lat'>5</span> <span class='ocrx_word' id='word_1_15' title='bbox 1341 670 1420 718; x_wconf 72' lang='grc' dir='ltr'><strong>Ε.</strong></span> <span class='ocrx_word' id='word_1_16' title='bbox 1477 672 1485 682; x_wconf 81' lang='grc'><em>“</em></span> 
     </span>
     <span class='ocr_line' id='line_1_5' title="bbox 382 757 1360 807; baseline -0.002 -1"><span class='ocrx_word' id='word_1_17' title='bbox 382 788 860 807; x_wconf 84' lang='grc'><strong>..............</strong></span> <span class='ocrx_word' id='word_1_18' title='bbox 893 757 996 806; x_wconf 86' lang='lat' dir='ltr'><strong>Sub</strong></span> <span class='ocrx_word' id='word_1_19' title='bbox 1017 766 1169 806; x_wconf 79' lang='lat' dir='ltr'><strong>noete</strong></span> <span class='ocrx_word' id='word_1_20' title='bbox 1195 757 1360 805; x_wconf 76' lang='lat' dir='ltr'><strong>silenti</strong></span> 
     </span>
     <span class='ocr_line' id='line_1_6' title="bbox 372 833 1796 905; baseline 0 -11"><span class='ocrx_word' id='word_1_21' title='bbox 372 837 808 905; x_wconf 67' lang='lat' dir='ltr'><strong>Lenibnnt&#39;cnras,</strong></span> <span class='ocrx_word' id='word_1_22' title='bbox 832 856 883 895; x_wconf 89' lang='lat' dir='ltr'><strong>et</strong></span> <span class='ocrx_word' id='word_1_23' title='bbox 904 833 1223 895; x_wconf 64' lang='lat' dir='ltr'><strong>eorda&#39;oblita</strong></span> <span class='ocrx_word' id='word_1_24' title='bbox 1246 845 1499 897; x_wconf 66' lang='lat' dir='ltr'><strong>laborum.</strong></span> <span class='ocrx_word' id='word_1_25' title='bbox 1646 844 1682 893; x_wconf 79' lang='lat'>4</span> <span class='ocrx_word' id='word_1_26' title='bbox 1719 848 1796 895; x_wconf 69' lang='grc' dir='ltr'><strong>Ε.</strong></span> 
     </span>
     <span class='ocr_line' id='line_1_7' title="bbox 374 933 1725 1003; baseline 0.001 -19"><span class='ocrx_word' id='word_1_27' title='bbox 374 936 476 984; x_wconf 73' lang='grc' dir='ltr'><strong>01Ξί</strong></span> <span class='ocrx_word' id='word_1_28' title='bbox 494 936 667 985; x_wconf 76' lang='lat' dir='ltr'><strong>sedato</strong></span> <span class='ocrx_word' id='word_1_29' title='bbox 686 935 1120 1003; x_wconf 81' lang='lat' dir='ltr'><strong>respondeteorde</strong></span> <span class='ocrx_word' id='word_1_30' title='bbox 1146 935 1368 984; x_wconf 80' lang='lat' dir='ltr'><strong>Latinus.</strong></span> <span class='ocrx_word' id='word_1_31' title='bbox 1537 933 1600 983; x_wconf 83' lang='lat'><strong>12</strong></span> <span class='ocrx_word' id='word_1_32' title='bbox 1647 938 1725 985; x_wconf 64' lang='grc' dir='ltr'><strong>ΛΕ.</strong></span> 
     </span>
    </p>
   </div>
   <div class='ocr_carea' id='block_1_4' title="bbox 229 1055 2015 1435">
    <p class='ocr_par' dir='ltr' id='par_1_5' title="bbox 229 1055 2015 1435">
     <span class='ocr_line' id='line_1_8' title="bbox 311 1055 2013 1139; baseline 0 -22"><span class='ocrx_word' id='word_1_33' title='bbox 311 1056 825 1133; x_wconf 85' lang='lat' dir='ltr'><strong>Quemadmodum</strong></span> <span class='ocrx_word' id='word_1_34' title='bbox 873 1056 1115 1139; x_wconf 81' lang='lat' dir='ltr'><strong>spondei</strong></span> <span class='ocrx_word' id='word_1_35' title='bbox 1162 1057 1383 1138; x_wconf 88' lang='lat' dir='ltr'><strong>optime</strong></span> <span class='ocrx_word' id='word_1_36' title='bbox 1417 1057 1797 1118; x_wconf 84' lang='lat' dir='ltr'><strong>conveniunt</strong></span> <span class='ocrx_word' id='word_1_37' title='bbox 1842 1055 2013 1132; x_wconf 80' lang='lat' dir='ltr'><strong>rebus</strong></span> 
     </span>
     <span class='ocr_line' id='line_1_9' title="bbox 229 1153 2010 1238; baseline 0 -23"><span class='ocrx_word' id='word_1_38' title='bbox 229 1153 490 1216; x_wconf 88' lang='lat' dir='ltr'><strong>tristibus</strong></span> <span class='ocrx_word' id='word_1_39' title='bbox 515 1165 573 1216; x_wconf 87' lang='lat' dir='ltr'><strong>et</strong></span> <span class='ocrx_word' id='word_1_40' title='bbox 607 1154 813 1230; x_wconf 83' lang='lat' dir='ltr'><strong>tardis,</strong></span> <span class='ocrx_word' id='word_1_41' title='bbox 843 1155 926 1215; x_wconf 83' lang='lat' dir='ltr'><strong>ita</strong></span> <span class='ocrx_word' id='word_1_42' title='bbox 955 1153 1194 1238; x_wconf 80' lang='lat' dir='ltr'>Dactyli</span> <span class='ocrx_word' id='word_1_43' title='bbox 1228 1155 1591 1215; x_wconf 84' lang='lat' dir='ltr'><strong>conveniunt</strong></span> <span class='ocrx_word' id='word_1_44' title='bbox 1622 1153 2010 1230; x_wconf 76' lang='lat' dir='ltr'><strong>exultationi,</strong></span> 
     </span>
     <span class='ocr_line' id='line_1_10' title="bbox 233 1252 2015 1338; baseline -0.002 -23"><span class='ocrx_word' id='word_1_45' title='bbox 233 1252 594 1315; x_wconf 83' lang='lat' dir='ltr'><strong>festinationi</strong></span> <span class='ocrx_word' id='word_1_46' title='bbox 618 1254 861 1338; x_wconf 87' lang='lat' dir='ltr'><strong>aliisque</strong></span> <span class='ocrx_word' id='word_1_47' title='bbox 880 1254 1162 1331; x_wconf 85' lang='lat' dir='ltr'><strong>ejusmodi</strong></span> <span class='ocrx_word' id='word_1_48' title='bbox 1191 1253 1469 1316; x_wconf 86' lang='lat' dir='ltr'><strong>motibus.</strong></span> <span class='ocrx_word' id='word_1_49' title='bbox 1495 1252 1657 1330; x_wconf 85' lang='lat' dir='ltr'><strong>Quid</strong></span> <span class='ocrx_word' id='word_1_50' title='bbox 1680 1252 1755 1313; x_wconf 89' lang='lat' dir='ltr'><strong>ad</strong></span> <span class='ocrx_word' id='word_1_51' title='bbox 1777 1252 2015 1315; x_wconf 83' lang='lat' dir='ltr'><strong>festina·</strong></span> 
     </span>
     <span class='ocr_line' id='line_1_11' title="bbox 234 1351 1386 1435; baseline 0 -22"><span class='ocrx_word' id='word_1_52' title='bbox 234 1353 460 1414; x_wconf 90' lang='lat' dir='ltr'><strong>tionem</strong></span> <span class='ocrx_word' id='word_1_53' title='bbox 482 1354 881 1435; x_wconf 84' lang='lat' dir='ltr'><strong>imperandam</strong></span> <span class='ocrx_word' id='word_1_54' title='bbox 904 1353 1201 1415; x_wconf 83' lang='lat' dir='ltr'><strong>ardentius</strong></span> <span class='ocrx_word' id='word_1_55' title='bbox 1224 1351 1386 1415; x_wconf 80' lang='lat' dir='ltr'><strong>hoe?</strong></span> 
     </span>
    </p>
   </div>
   <div class='ocr_carea' id='block_1_5' title="bbox 383 1490 1873 1570">
    <p class='ocr_par' dir='ltr' id='par_1_6' title="bbox 383 1490 1873 1570">
     <span class='ocr_line' id='line_1_12' title="bbox 383 1490 1873 1570; baseline 0 -32"><span class='ocrx_word' id='word_1_56' title='bbox 383 1494 521 1539; x_wconf 83' lang='lat' dir='ltr'><strong>Ferte</strong></span> <span class='ocrx_word' id='word_1_57' title='bbox 547 1491 632 1540; x_wconf 87' lang='lat' dir='ltr'><strong>citi</strong></span> <span class='ocrx_word' id='word_1_58' title='bbox 658 1490 904 1557; x_wconf 77' lang='lat' dir='ltr'><strong>flammae,</strong></span> <span class='ocrx_word' id='word_1_59' title='bbox 934 1493 1042 1543; x_wconf 81' lang='lat' dir='ltr'><strong>date</strong></span> <span class='ocrx_word' id='word_1_60' title='bbox 1065 1494 1190 1570; x_wconf 74' lang='lat' dir='ltr'><strong>tela,</strong></span> <span class='ocrx_word' id='word_1_61' title='bbox 1213 1494 1431 1544; x_wconf 74' lang='lat' dir='ltr'><strong>scandite</strong></span> <span class='ocrx_word' id='word_1_62' title='bbox 1455 1509 1645 1543; x_wconf 72' lang='lat' dir='ltr'><strong>muros.</strong></span> <span class='ocrx_word' id='word_1_63' title='bbox 1718 1490 1753 1539; x_wconf 89' lang='grc'>9</span> <span class='ocrx_word' id='word_1_64' title='bbox 1793 1491 1873 1538; x_wconf 85' lang='lat' dir='ltr'><strong>AE.</strong></span> 
     </span>
    </p>
   </div>
   <div class='ocr_carea' id='block_1_6' title="bbox 158 1595 2018 1792">
    <p class='ocr_par' dir='ltr' id='par_1_7' title="bbox 158 1595 2018 1792">
     <span class='ocr_line' id='line_1_13' title="bbox 158 1595 2018 1699; baseline -0.001 -29"><span class='ocrx_word' id='word_1_65' title='bbox 158 1686 175 1699; x_wconf 36' lang='grc' dir='ltr'><strong><em>Ι</em></strong></span> <span class='ocrx_word' id='word_1_66' title='bbox 321 1609 516 1686; x_wconf 89' lang='lat' dir='ltr'><strong>Quam</strong></span> <span class='ocrx_word' id='word_1_67' title='bbox 531 1612 752 1693; x_wconf 83' lang='lat' dir='ltr'><strong>egregie</strong></span> <span class='ocrx_word' id='word_1_68' title='bbox 771 1611 1108 1673; x_wconf 85' lang='lat' dir='ltr'><strong>saltantium</strong></span> <span class='ocrx_word' id='word_1_69' title='bbox 1127 1595 1474 1696; x_wconf 79' lang='lat' dir='ltr'><strong>Satyrorum</strong></span> <span class='ocrx_word' id='word_1_70' title='bbox 1498 1623 1556 1676; x_wconf 88' lang='lat' dir='ltr'><strong>et</strong></span> <span class='ocrx_word' id='word_1_71' title='bbox 1571 1631 1855 1695; x_wconf 87' lang='lat' dir='ltr'><strong>equorum</strong></span> <span class='ocrx_word' id='word_1_72' title='bbox 1876 1621 2018 1670; x_wconf 84' lang='lat' dir='ltr'><strong>eur-</strong></span> 
     </span>
     <span class='ocr_line' id='line_1_14' title="bbox 182 1697 1313 1792; baseline 0.006 -27"><span class='ocrx_word' id='word_1_73' title='bbox 182 1697 189 1702; x_wconf 63' lang='grc'><strong><em>’</em></strong></span> <span class='ocrx_word' id='word_1_74' title='bbox 239 1708 497 1769; x_wconf 88' lang='lat' dir='ltr'><strong>rentium</strong></span> <span class='ocrx_word' id='word_1_75' title='bbox 521 1729 695 1770; x_wconf 87' lang='lat' dir='ltr'><strong>sonus</strong></span> <span class='ocrx_word' id='word_1_76' title='bbox 716 1712 1068 1792; x_wconf 81' lang='lat' dir='ltr'><strong>exprimitur</strong></span> <span class='ocrx_word' id='word_1_77' title='bbox 1091 1711 1157 1772; x_wconf 92' lang='lat' dir='ltr'><strong>in</strong></span> <span class='ocrx_word' id='word_1_78' title='bbox 1179 1709 1271 1773; x_wconf 85' lang='lat' dir='ltr'><strong>his</strong></span> <span class='ocrx_word' id='word_1_79' title='bbox 1293 1737 1313 1772; x_wconf 69' lang='lat' dir='ltr'><strong>t</strong></span> 
     </span>
    </p>
   </div>
   <div class='ocr_carea' id='block_1_7' title="bbox 252 1843 2020 2006">
    <p class='ocr_par' dir='ltr' id='par_1_8' title="bbox 252 1843 2020 2006">
     <span class='ocr_line' id='line_1_15' title="bbox 347 1843 1876 1914; baseline 0.004 -23"><span class='ocrx_word' id='word_1_80' title='bbox 347 1843 588 1893; x_wconf 72' lang='lat' dir='ltr'><strong>Saltantes</strong></span> <span class='ocrx_word' id='word_1_81' title='bbox 609 1845 811 1911; x_wconf 78' lang='lat' dir='ltr'><strong>Satyros</strong></span> <span class='ocrx_word' id='word_1_82' title='bbox 833 1843 1113 1896; x_wconf 81' lang='lat' dir='ltr'><strong>imitabitur</strong></span> <span class='ocrx_word' id='word_1_83' title='bbox 1136 1845 1505 1912; x_wconf 74' lang='lat' dir='ltr'><strong>Alphesiboeus.</strong></span> <span class='ocrx_word' id='word_1_84' title='bbox 1655 1846 1688 1914; x_wconf 90' lang='lat'>5</span> <span class='ocrx_word' id='word_1_85' title='bbox 1714 1848 1790 1897; x_wconf 84' lang='lat' dir='ltr'><strong>AE.</strong></span> <span class='ocrx_word' id='word_1_86' title='bbox 1867 1869 1876 1876; x_wconf 77' lang='lat'><em>-</em></span> 
     </span>
     <span class='ocr_line' id='line_1_16' title="bbox 252 1932 2020 2006; baseline -0.001 -25"><span class='ocrx_word' id='word_1_87' title='bbox 252 1940 269 1954; x_wconf 84' lang='grc'><strong><em>’</em></strong></span> <span class='ocrx_word' id='word_1_88' title='bbox 350 1933 769 2006; x_wconf 74' lang='lat' dir='ltr'><strong>Quadrupedaute</strong></span> <span class='ocrx_word' id='word_1_89' title='bbox 789 1946 982 2000; x_wconf 85' lang='lat' dir='ltr'><strong>putrem</strong></span> <span class='ocrx_word' id='word_1_90' title='bbox 1005 1934 1171 1983; x_wconf 85' lang='lat' dir='ltr'><strong>sonitu</strong></span> <span class='ocrx_word' id='word_1_91' title='bbox 1195 1935 1361 1999; x_wconf 82' lang='lat' dir='ltr'><strong>quatit</strong></span> <span class='ocrx_word' id='word_1_92' title='bbox 1381 1935 1567 2001; x_wconf 74' lang='lat' dir='ltr'><strong>uug&#39;nla</strong></span> <span class='ocrx_word' id='word_1_93' title='bbox 1591 1950 1837 1998; x_wconf 78' lang='lat' dir='ltr'><strong>eampum.</strong></span> <span class='ocrx_word' id='word_1_94' title='bbox 1875 1932 1911 1980; x_wconf 88' lang='grc'>8</span> <span class='ocrx_word' id='word_1_95' title='bbox 1940 1934 2020 1980; x_wconf 82' lang='lat' dir='ltr'><strong>AE.</strong></span> 
     </span>
    </p>
   </div>
   <div class='ocr_carea' id='block_1_8' title="bbox 328 2052 1929 2139">
    <p class='ocr_par' dir='ltr' id='par_1_9' title="bbox 328 2052 1929 2139">
     <span class='ocr_line' id='line_1_17' title="bbox 328 2052 1929 2139; baseline -0.001 -25"><span class='ocrx_word' id='word_1_96' title='bbox 328 2052 489 2131; x_wconf 85' lang='lat' dir='ltr'><strong>Quid</strong></span> <span class='ocrx_word' id='word_1_97' title='bbox 516 2054 705 2117; x_wconf 87' lang='lat' dir='ltr'><strong>ardori</strong></span> <span class='ocrx_word' id='word_1_98' title='bbox 731 2055 944 2118; x_wconf 87' lang='lat' dir='ltr'><strong>bellico</strong></span> <span class='ocrx_word' id='word_1_99' title='bbox 970 2056 1159 2138; x_wconf 90' lang='lat' dir='ltr'><strong>aptius</strong></span> <span class='ocrx_word' id='word_1_100' title='bbox 1180 2052 1360 2139; x_wconf 84' lang='lat' dir='ltr'><strong>quam</strong></span> <span class='ocrx_word' id='word_1_101' title='bbox 1381 2076 1572 2118; x_wconf 71' lang='lat' dir='ltr'><strong>versus</strong></span> <span class='ocrx_word' id='word_1_102' title='bbox 1589 2055 1929 2137; x_wconf 81' lang='lat' dir='ltr'><strong>sequentes?</strong></span> 
     </span>
    </p>
   </div>
   <div class='ocr_carea' id='block_1_9' title="bbox 348 2189 1726 2431">
    <p class='ocr_par' dir='ltr' id='par_1_10' title="bbox 348 2189 1726 2431">
     <span class='ocr_line' id='line_1_18' title="bbox 353 2189 1726 2252; baseline 0.001 -16"><span class='ocrx_word' id='word_1_103' title='bbox 353 2189 477 2238; x_wconf 86' lang='lat' dir='ltr'><strong>Inde</strong></span> <span class='ocrx_word' id='word_1_104' title='bbox 497 2191 584 2240; x_wconf 89' lang='lat' dir='ltr'><strong>ubi</strong></span> <span class='ocrx_word' id='word_1_105' title='bbox 601 2191 730 2240; x_wconf 79' lang='lat' dir='ltr'><strong>clara</strong></span> <span class='ocrx_word' id='word_1_106' title='bbox 756 2191 890 2240; x_wconf 83' lang='lat' dir='ltr'><strong>dedit</strong></span> <span class='ocrx_word' id='word_1_107' title='bbox 912 2191 1130 2240; x_wconf 78' lang='lat' dir='ltr'><strong>sonitum</strong></span> <span class='ocrx_word' id='word_1_108' title='bbox 1157 2190 1272 2240; x_wconf 80' lang='lat' dir='ltr'><strong>tuba</strong></span> <span class='ocrx_word' id='word_1_109' title='bbox 1286 2224 1302 2252; x_wconf 92' lang='lat'>,</span> <span class='ocrx_word' id='word_1_110' title='bbox 1323 2189 1510 2239; x_wconf 73' lang='lat' dir='ltr'><strong>finibus</strong></span> <span class='ocrx_word' id='word_1_111' title='bbox 1530 2202 1698 2238; x_wconf 75' lang='lat' dir='ltr'><strong>omnes</strong></span> <span class='ocrx_word' id='word_1_112' title='bbox 1711 2222 1726 2248; x_wconf 87' lang='lat'><strong>,</strong></span> 
     </span>
     <span class='ocr_line' id='line_1_19' title="bbox 352 2278 1667 2346; baseline -0.001 -19"><span class='ocrx_word' id='word_1_113' title='bbox 352 2279 500 2329; x_wconf 73' lang='lat' dir='ltr'><strong>Haud</strong></span> <span class='ocrx_word' id='word_1_114' title='bbox 516 2296 654 2330; x_wconf 77' lang='lat' dir='ltr'><strong>mora</strong></span> <span class='ocrx_word' id='word_1_115' title='bbox 667 2315 682 2343; x_wconf 93' lang='lat'><strong>‚</strong></span> <span class='ocrx_word' id='word_1_116' title='bbox 702 2279 977 2346; x_wconf 81' lang='lat' dir='ltr'><strong>prosiluere</strong></span> <span class='ocrx_word' id='word_1_117' title='bbox 995 2281 1098 2329; x_wconf 69' lang='lat' dir='ltr'><strong>euin</strong></span> <span class='ocrx_word' id='word_1_118' title='bbox 1120 2296 1132 2328; x_wconf 74' lang='grc' dir='ltr'><em>τ</em></span> <span class='ocrx_word' id='word_1_119' title='bbox 1153 2280 1267 2329; x_wconf 85' lang='lat' dir='ltr'><strong>ferit</strong></span> <span class='ocrx_word' id='word_1_120' title='bbox 1282 2279 1459 2329; x_wconf 79' lang='lat' dir='ltr'><strong>aethera</strong></span> <span class='ocrx_word' id='word_1_121' title='bbox 1482 2278 1667 2328; x_wconf 84' lang='lat' dir='ltr'><strong>elamor</strong></span> 
     </span>
     <span class='ocr_line' id='line_1_20' title="bbox 348 2369 1501 2431; baseline -0.002 -11"><span class='ocrx_word' id='word_1_122' title='bbox 348 2369 617 2431; x_wconf 74' lang='lat' dir='ltr'><strong>Nauticus;</strong></span> <span class='ocrx_word' id='word_1_123' title='bbox 636 2370 863 2421; x_wconf 76' lang='lat' dir='ltr'><strong>adductis</strong></span> <span class='ocrx_word' id='word_1_124' title='bbox 883 2403 899 2430; x_wconf 92' lang='lat'><strong>,</strong></span> <span class='ocrx_word' id='word_1_125' title='bbox 917 2379 1014 2420; x_wconf 83' lang='lat' dir='ltr'><strong>ete.</strong></span> <span class='ocrx_word' id='word_1_126' title='bbox 1320 2370 1354 2418; x_wconf 85' lang='lat'>5</span> <span class='ocrx_word' id='word_1_127' title='bbox 1384 2371 1501 2419; x_wconf 81' lang='lat' dir='ltr'><strong>AEn.</strong></span> 
     </span>
    </p>
   </div>
   <div class='ocr_carea' id='block_1_10' title="bbox 250 2476 2029 2749">
    <p class='ocr_par' dir='ltr' id='par_1_11' title="bbox 250 2476 2029 2749">
     <span class='ocr_line' id='line_1_21' title="bbox 331 2476 2029 2574; baseline -0.001 -24"><span class='ocrx_word' id='word_1_128' title='bbox 331 2490 480 2568; x_wconf 91' lang='lat' dir='ltr'><strong>Quis</strong></span> <span class='ocrx_word' id='word_1_129' title='bbox 497 2511 623 2551; x_wconf 89' lang='lat' dir='ltr'><strong>non</strong></span> <span class='ocrx_word' id='word_1_130' title='bbox 640 2476 956 2552; x_wconf 82' lang='lat' dir='ltr'><strong>admiretur</strong></span> <span class='ocrx_word' id='word_1_131' title='bbox 977 2491 1280 2574; x_wconf 88' lang='lat' dir='ltr'><strong>strepitum</strong></span> <span class='ocrx_word' id='word_1_132' title='bbox 1299 2491 1599 2572; x_wconf 87' lang='lat' dir='ltr'><strong>grandinis</strong></span> <span class='ocrx_word' id='word_1_133' title='bbox 1620 2489 1683 2548; x_wconf 91' lang='lat' dir='ltr'><strong>in</strong></span> <span class='ocrx_word' id='word_1_134' title='bbox 1706 2488 1821 2550; x_wconf 88' lang='lat' dir='ltr'><strong>hoe</strong></span> <span class='ocrx_word' id='word_1_135' title='bbox 1840 2508 2029 2558; x_wconf 85' lang='lat' dir='ltr'><strong>versu,</strong></span> 
     </span>
     <span class='ocr_line' id='line_1_22' title="bbox 250 2587 2028 2673; baseline -0.002 -24"><span class='ocrx_word' id='word_1_136' title='bbox 250 2588 386 2665; x_wconf 87' lang='lat' dir='ltr'><strong>ubi,</strong></span> <span class='ocrx_word' id='word_1_137' title='bbox 406 2595 607 2673; x_wconf 60' lang='lat' dir='ltr'><strong>praeter</strong></span> <span class='ocrx_word' id='word_1_138' title='bbox 628 2588 929 2672; x_wconf 81' lang='lat' dir='ltr'><strong>Dactylos,</strong></span> <span class='ocrx_word' id='word_1_139' title='bbox 958 2588 1341 2649; x_wconf 87' lang='lat' dir='ltr'><strong>dominantur</strong></span> <span class='ocrx_word' id='word_1_140' title='bbox 1360 2588 1565 2651; x_wconf 88' lang='lat' dir='ltr'><strong>litterae</strong></span> <span class='ocrx_word' id='word_1_141' title='bbox 1589 2590 1933 2670; x_wconf 86' lang='lat' dir='ltr'><strong>crepitantes</strong></span> <span class='ocrx_word' id='word_1_142' title='bbox 1969 2587 2028 2645; x_wconf 93' lang='lat' dir='ltr'><strong>D</strong></span> 
     </span>
     <span class='ocr_line' id='line_1_23' title="bbox 251 2688 451 2749; baseline -0.025 0"><span class='ocrx_word' id='word_1_143' title='bbox 251 2698 311 2749; x_wconf 90' lang='lat' dir='ltr'><strong>et</strong></span> <span class='ocrx_word' id='word_1_144' title='bbox 350 2688 406 2747; x_wconf 89' lang='lat' dir='ltr'>T</span> <span class='ocrx_word' id='word_1_145' title='bbox 424 2689 451 2744; x_wconf 74' lang='lat' dir='ltr'><strong>‘s‘</strong></span> 
     </span>
    </p>
   </div>
   <div class='ocr_carea' id='block_1_11' title="bbox 395 2800 1979 2868">
    <p class='ocr_par' dir='ltr' id='par_1_12' title="bbox 395 2800 1979 2868">
     <span class='ocr_line' id='line_1_24' title="bbox 395 2800 1979 2868; baseline -0.006 -12"><span class='ocrx_word' id='word_1_146' title='bbox 395 2810 516 2856; x_wconf 80' lang='lat' dir='ltr'><strong>Tam</strong></span> <span class='ocrx_word' id='word_1_147' title='bbox 537 2806 694 2856; x_wconf 78' lang='lat' dir='ltr'><strong>multa</strong></span> <span class='ocrx_word' id='word_1_148' title='bbox 720 2804 771 2853; x_wconf 90' lang='lat' dir='ltr'><strong>in</strong></span> <span class='ocrx_word' id='word_1_149' title='bbox 793 2803 934 2852; x_wconf 74' lang='lat' dir='ltr'><strong>tectis</strong></span> <span class='ocrx_word' id='word_1_150' title='bbox 952 2802 1192 2867; x_wconf 63' lang='lat' dir='ltr'><strong>crepitans</strong></span> <span class='ocrx_word' id='word_1_151' title='bbox 1213 2802 1328 2850; x_wconf 83' lang='lat' dir='ltr'><strong>salit</strong></span> <span class='ocrx_word' id='word_1_152' title='bbox 1346 2802 1547 2850; x_wconf 87' lang='lat' dir='ltr'><strong>horrida</strong></span> <span class='ocrx_word' id='word_1_153' title='bbox 1567 2801 1775 2868; x_wconf 80' lang='lat' dir='ltr'><strong>grando.</strong></span> <span class='ocrx_word' id='word_1_154' title='bbox 1857 2800 1880 2848; x_wconf 95' lang='lat' dir='ltr'>l</span> <span class='ocrx_word' id='word_1_155' title='bbox 1912 2802 1979 2849; x_wconf 85' lang='lat' dir='ltr'><strong>G.</strong></span> 
     </span>
    </p>
   </div>
   <div class='ocr_carea' id='block_1_12' title="bbox 251 2919 2036 3303">
    <p class='ocr_par' dir='ltr' id='par_1_13' title="bbox 251 2919 2036 3303">
     <span class='ocr_line' id='line_1_25' title="bbox 335 2919 2027 3005; baseline -0.003 -21"><span class='ocrx_word' id='word_1_156' title='bbox 335 2925 667 2987; x_wconf 87' lang='lat' dir='ltr'><strong>Hominum</strong></span> <span class='ocrx_word' id='word_1_157' title='bbox 714 2925 782 2984; x_wconf 91' lang='lat' dir='ltr'><strong>in</strong></span> <span class='ocrx_word' id='word_1_158' title='bbox 821 2922 990 2983; x_wconf 87' lang='lat' dir='ltr'><strong>Circo</strong></span> <span class='ocrx_word' id='word_1_159' title='bbox 1026 2921 1376 3005; x_wconf 74' lang='lat' dir='ltr'><strong>decurrendi</strong></span> <span class='ocrx_word' id='word_1_160' title='bbox 1423 2919 1596 2988; x_wconf 83' lang='lat' dir='ltr'><strong>laude</strong></span> <span class='ocrx_word' id='word_1_161' title='bbox 1639 2919 1994 2982; x_wconf 87' lang='lat' dir='ltr'><strong>certantium</strong></span> <span class='ocrx_word' id='word_1_162' title='bbox 2010 2964 2027 2994; x_wconf 92' lang='lat'><em>‚</em></span> 
     </span>
     <span class='ocr_line' id='line_1_26' title="bbox 251 3017 2031 3108; baseline -0.006 -22"><span class='ocrx_word' id='word_1_163' title='bbox 251 3045 572 3108; x_wconf 84' lang='lat' dir='ltr'><strong>cursusque</strong></span> <span class='ocrx_word' id='word_1_164' title='bbox 615 3022 865 3085; x_wconf 89' lang='lat' dir='ltr'><strong>ineundi</strong></span> <span class='ocrx_word' id='word_1_165' title='bbox 916 3020 1385 3095; x_wconf 86' lang='lat' dir='ltr'><strong>festinationem,</strong></span> <span class='ocrx_word' id='word_1_166' title='bbox 1434 3030 1657 3080; x_wconf 86' lang='lat' dir='ltr'><strong>metum</strong></span> <span class='ocrx_word' id='word_1_167' title='bbox 1698 3017 2031 3080; x_wconf 84' lang='lat' dir='ltr'><strong>amittendae</strong></span> 
     </span>
     <span class='ocr_line' id='line_1_27' title="bbox 254 3115 2036 3206; baseline -0.003 -23"><span class='ocrx_word' id='word_1_168' title='bbox 254 3121 493 3206; x_wconf 66' lang='lat' dir='ltr'><strong>palme,</strong></span> <span class='ocrx_word' id='word_1_169' title='bbox 541 3122 790 3186; x_wconf 85' lang='lat' dir='ltr'><strong>alternas</strong></span> <span class='ocrx_word' id='word_1_170' title='bbox 833 3121 982 3182; x_wconf 76' lang='lat' dir='ltr'><strong>vices</strong></span> <span class='ocrx_word' id='word_1_171' title='bbox 1031 3138 1235 3180; x_wconf 86' lang='lat' dir='ltr'><strong>eurrus</strong></span> <span class='ocrx_word' id='word_1_172' title='bbox 1278 3117 1578 3199; x_wconf 81' lang='lat' dir='ltr'><strong>agentium</strong></span> <span class='ocrx_word' id='word_1_173' title='bbox 1595 3162 1611 3192; x_wconf 94' lang='lat'>,</span> <span class='ocrx_word' id='word_1_174' title='bbox 1657 3117 1806 3178; x_wconf 89' lang='lat' dir='ltr'><strong>miro</strong></span> <span class='ocrx_word' id='word_1_175' title='bbox 1857 3115 2036 3199; x_wconf 72' lang='lat' dir='ltr'><strong>plane</strong></span> 
     </span>
     <span class='ocr_line' id='line_1_28' title="bbox 253 3216 1238 3303; baseline -0.004 -25"><span class='ocrx_word' id='word_1_176' title='bbox 253 3216 510 3282; x_wconf 86' lang='lat' dir='ltr'><strong>artificio</strong></span> <span class='ocrx_word' id='word_1_177' title='bbox 547 3220 854 3281; x_wconf 81' lang='lat' dir='ltr'><strong>imitantur</strong></span> <span class='ocrx_word' id='word_1_178' title='bbox 888 3226 1189 3303; x_wconf 86' lang='lat' dir='ltr'><strong>sequentes</strong></span> <span class='ocrx_word' id='word_1_179' title='bbox 1224 3238 1238 3273; x_wconf 91' lang='lat'><strong>:</strong></span> 
     </span>
    </p>
   </div>
   <div class='ocr_carea' id='block_1_13' title="bbox 406 3334 1611 3511">
    <p class='ocr_par' dir='ltr' id='par_1_14' title="bbox 406 3334 1611 3511">
     <span class='ocr_line' id='line_1_29' title="bbox 415 3334 1598 3422; baseline -0.003 -19"><span class='ocrx_word' id='word_1_180' title='bbox 415 3387 606 3406; x_wconf 86' lang='grc'><strong>......</strong></span> <span class='ocrx_word' id='word_1_181' title='bbox 626 3384 642 3405; x_wconf 59' lang='grc' dir='ltr'><strong>ι</strong></span> <span class='ocrx_word' id='word_1_182' title='bbox 671 3334 801 3407; x_wconf 80' lang='lat' dir='ltr'><strong>Cum</strong></span> <span class='ocrx_word' id='word_1_183' title='bbox 829 3354 1067 3422; x_wconf 74' lang='lat' dir='ltr'><strong>praeeipiti</strong></span> <span class='ocrx_word' id='word_1_184' title='bbox 1085 3351 1347 3402; x_wconf 61' lang='lat' dir='ltr'><strong>certamine</strong></span> <span class='ocrx_word' id='word_1_185' title='bbox 1366 3362 1598 3420; x_wconf 74' lang='lat' dir='ltr'><strong>&#39;eampum</strong></span> 
     </span>
     <span class='ocr_line' id='line_1_30' title="bbox 406 3443 1611 3511; baseline -0.003 -20"><span class='ocrx_word' id='word_1_186' title='bbox 406 3443 736 3509; x_wconf 86' lang='lat' dir='ltr'><strong>Corripuere,</strong></span> <span class='ocrx_word' id='word_1_187' title='bbox 758 3455 1013 3511; x_wconf 86' lang='lat' dir='ltr'><strong>ruuntque</strong></span> <span class='ocrx_word' id='word_1_188' title='bbox 1031 3443 1177 3493; x_wconf 74' lang='lat' dir='ltr'><strong>effusi</strong></span> <span class='ocrx_word' id='word_1_189' title='bbox 1197 3456 1388 3490; x_wconf 78' lang='lat' dir='ltr'><strong>earcere</strong></span> <span class='ocrx_word' id='word_1_190' title='bbox 1416 3454 1611 3489; x_wconf 74' lang='lat' dir='ltr'><strong>currus.</strong></span> 
     </span>
    </p>
   </div>
  </div>
 </body>
</html>
