2520 4211
988 352 1260 440 (105)

236 512 338 574 per
359 489 601 551 verbum
621 492 967 582 desidet-qn·-
990 492 1174 554 Hune
1198 494 1442 555 modum
1466 496 1851 580 Metonymiae
1872 516 2010 580 pro-

239 588 368 669 prio
389 589 635 650 nomine
652 589 826 650 etiam
846 590 1146 672 appellant
1171 593 1571 673 Metalepsim.

320 685 394 745 6⁰
436 685 666 746 Nomen
702 685 1055 748 abstractum
1089 671 1523 772 pro-concreto.
1553 690 1786 752 Nomen
1816 701 2011 753 autem

239 783 605 852 abstractum,
639 784 916 866 exprimit
949 806 1071 847 rem
1108 788 1377 869 generice
1419 799 1711 873 sumptam
1726 833 1744 866 ‚
1781 798 1840 851 et
1888 810 2013 849 non

222 881 350 960 ‘nisi
398 882 464 941 in
510 882 889 964 conceptione
929 884 1126 945 nostra
1170 883 1517 948 existentem
1534 932 1550 963 ‚
1598 897 1667 952 ut
1707 911 1721 946 ε
1770 886 2011 963 albedo,

239 1001 398 1063 spes,
434 979 743 1062 longitudo
761 1025 780 1058 ,
806 977 1115 1059 stoliditas,
1143 986 1322 1067 rigor,
1349 987 1608 1048 custodia
1633 998 1748 1050 ete.
1781 987 2014 1049 Nomen

239 1087 579 1139 concretum
633 1079 912 1160 exprimit
957 1081 1332 1144 individuum
1379 1084 1828 1155 determinatum
1875 1106 2014 1146 eum

239 1175 559 1258 praedicatis
584 1177 700 1238 suis
709 1201 726 1256 3
754 1189 822 1237 ut
845 1201 860 1238 τ
886 1179 1069 1260 paries
1090 1178 1252 1256 alba,
1270 1180 1482 1240 divitiae
1498 1192 1733 1263 speratae
1748 1227 1766 1258 ,
1792 1182 2014 1244 collum

241 1271 521 1355 longum,
553 1273 732 1334 homo
766 1273 1039 1354 stolidus,
1071 1277 1291 1338 ferrum
1315 1278 1601 1360 rigidum,
1631 1279 1797 1341 miles
1816 1291 2016 1341 eusto-

241 1371 406 1433 diens
426 1381 538 1433 etc.
559 1371 663 1433 Est
689 1373 870 1454 igitur
889 1373 1246 1437 abstractum
1265 1398 1372 1457 pro
1389 1388 1660 1438 concreto
1683 1376 2016 1461 insequen-

241 1468 398 1530 tibus
433 1469 716 1551 exemplis
748 1494 762 1529 z
794 1470 943 1531 nitet
972 1472 1181 1534 domus
1214 1474 1488 1533 albedine
1511 1476 1814 1553 parietum
1825 1498 1852 1548 ,·
1885 1493 2016 1550 spes

245 1588 376 1649 quae
398 1566 666 1629 differtur
688 1568 891 1650 affligit
915 1573 1174 1631 animam
1186 1596 1204 1648 3
1240 1573 1399 1653 gruis
1429 1574 1569 1632 colli
1590 1571 2019 1653 longitudinem

241 1665 425 1727 eredit
459 1661 724 1726 faucibus
762 1664 917 1748 lupi3
960 1670 1255 1730 stoliditas
1289 1682 1348 1731 et
1380 1670 1662 1753 loquendi
1694 1680 1754 1732 et
1787 1667 2016 1732 tacendi

244 1772 474 1844 tempus
520 1764 752 1843 ignorat
762 1788 780 1844 3
826 1764 978 1847 ignis
1022 1766 1218 1828 mollit
1265 1770 1513 1848 rigorem
1536 1768 1700 1849 ferri
1708 1791 1739 1842 ,·
1782 1778 2018 1830 noctem

247 1859 520 1919 custodia
542 1859 706 1921 ducit
727 1861 1072 1923 insomnem.

789 2001 827 2077 ς,
865 1996 928 2076 4.
965 2000 1067 2059 De
1102 1999 1493 2104 synecdoche.

326 2153 716 2233 &medon-ke,
750 2174 783 2212 a
817 2132 1263 2234 οὗν-ἐκδέχομαι,
1295 2150 1755 2235 comprehendo,
1785 2152 2019 2233 Tropus

173 2267 185 2277 ’
248 2258 332 2311 est
363 2271 484 2333 quo
513 2248 583 2311 fit
620 2248 1061 2333 significationis
1087 2250 1421 2326 translatio,
1459 2260 1693 2333 propter
1729 2248 2020 2325 coniunc-

247 2348 470 2407 tionem
503 2347 764 2431 aliquam
797 2350 1125 2423 internam‚
1161 2348 1279 2411 hoe
1316 2359 1428 2425 est,
1464 2358 1699 2432 propter
1731 2345 2017 2428 conjunc-

247 2445 470 2507 tionem
486 2490 502 2519 ,
532 2467 658 2506 non
681 2446 1096 2510 abcidentalem
1111 2493 1126 2522 ,
1153 2449 1303 2509 utin
1331 2448 1697 2532 Metonymizi
1711 2494 1730 2525 ‚
1755 2447 1849 2510 sed
1878 2437 2031 2508 fun-²

249 2543 446 2603 datam
481 2543 546 2603 in
581 2543 701 2625 ipsa
734 2544 943 2605 natura
975 2567 1193 2606 rerum.
1227 2547 1327 2621 Sio
1367 2569 1555 2629 quum
1587 2550 1857 2608 carinam
1890 2546 2022 2609 dieo

250 2662 359 2723 pro
401 2645 585 2713 navi,
633 2641 862 2703 interna
903 2653 988 2702 est
1029 2633 1333 2726 utriusque
1374 2645 1449 2704 ad
1489 2646 1740 2705 invicem
1781 2643 2016 2719 relati0‚
2095 2687 2101 2693 .

251 2730 536 2821 siquidem
568 2740 731 2801 navis
769 2740 991 2819 integra
1026 2740 1269 2800 existere
1305 2741 1516 2821 nequit
1549 2740 1767 2822 absque
1800 2740 2018 2809 carina.
2049 2769 2056 2777 ¹

252 2838 580 2898 Istiusmodi
612 2859 746 2899 vero
780 2836 981 2898 relatio
1017 2847 1101 2897 est
1140 2838 1295 2913 inter
1330 2848 1521 2898 totum
1552 2848 1610 2898 et
1644 2846 1828 2920 partes
1861 2858 2017 2912 suas,

247 2957 434 3017 genus
465 2947 526 2997 et
558 2936 771 3019 speeies
785 2979 804 3009 ‚
845 2934 1144 2996 materiam
1183 2945 1242 2996 et
1277 2954 1404 2995 rem
1438 2956 1516 2996 ex
1553 2934 1619 2996 ea
1657 2933 1986 2996 confectam
2001 2981 2016 3010 ,

252 3054 568 3095 numerum
589 3032 874 3117 pluralem
898 3044 956 3093 et
981 3033 1360 3124 singular-cmg
1380 3034 1597 3095 Ieeirco
1617 3030 1869 3117 quatuor
1894 3055 2021 3095 mo·

252 3131 340 3193 dis
364 3129 487 3192 fieri
509 3143 696 3214 potest
717 3129 1127 3215 Synecdoehe,
1148 3132 1433 3192 nimirum
1454 3131 1694 3214 quando
1716 3130 1979 3214 ponitur·

342 3242 401 3288 1⁰
438 3230 662 3290 Totum
685 3253 790 3315 pro
812 3241 990 3315 parte.
1014 3233 1127 3291 Ex.
1150 3251 1257 3312 gr„

366 3401 517 3416 .....
545 3365 760 3419 Manum
776 3367 1191 3437 pimflagranti
1205 3358 1435 3417 fervidus
1451 3364 1651 3434 implet.
1789 3362 1951 3418 Vmo.

359 3449 475 3502 Aut
492 3451 714 3503 Ararim
738 3451 956 3506 Parthus
976 3454 1111 3505 bibet
1125 3491 1139 3519 ‚
1158 3459 1249 3504 aut
1269 3450 1549 3504 Germania
1581 3450 1805 3520 Tigrim.
1901 3448 1988 3500 Id.
