2520 4211
1307 357 1581 450 (120)

558 502 771 563 Hector
810 512 1087 563 strenuus
1132 512 1244 562 ete.
1286 501 1511 562 Verum
1555 499 1834 584 Epitheta
1876 523 1957 563 ex
2000 500 2115 563 hoe
2166 499 2335 564 fonte

554 595 759 664 hausta
795 605 1003 679 parum
1034 608 1139 660 aut
1173 596 1331 659 nihil
1369 595 1592 657 habent
1627 596 1951 679 elegantiae,
1992 597 2105 659 nisi
2140 616 2337 679 quum

554 694 748 774 agitur
777 694 850 756 de
883 695 1116 758 actione
1148 693 1404 780 quadam
1439 694 1725 776 praedietis
1760 693 2041 756 moribus
2049 692 2337 756 consona.

554 790 753 866 Quare
762 791 914 852 mihi
928 796 1212 860 Homerus
1225 791 1601 876 nequaquam
1615 792 1948 905 probandus
1963 803 2075 870 est,
2090 791 2337 875 quando

557 887 853 952 Achillem
899 892 963 951 in
1013 891 1264 952 tentorio
1308 911 1414 951 suo
1457 891 1775 974 coquinam
1823 901 2122 973 parantem
2166 898 2336 949 vocat

547 991 827 1063 ποδώκεα,
862 987 1007 1069 quid
1038 989 1198 1048 enim
1223 986 1514 1048 velocitati
1539 987 1754 1070 pedum
1776 1009 1914 1047 cum
1937 978 2178 1048 culina?
2209 985 2335 1046 Nec

557 1082 677 1164 ipse
708 1085 992 1163 Virgilius
1031 1086 1106 1146 ab
1145 1082 1260 1146 hoe
1304 1085 1618 1147 Homerico
1656 1085 1796 1147 vitio
1838 1084 2069 1168 plane
2052 1085 2337 1146 immunis

556 1191 673 1261 αῖς
718 1202 856 1241 nam
901 1204 1006 1245 cur
1051 1181 1300 1245 AEneam
1322 1228 1339 1260 ,
1381 1182 1525 1244 dum
1570 1182 1723 1243 ferro
1767 1182 2018 1264 percutit
2063 1179 2330 1257 hostem,

546 1291 781 1358 patrem
816 1279 1213 1362 appellet-aut
1247 1265 1463 1360 pium,
1508 1278 1935 1348 mihi,difficile
1975 1279 2206 1339 videtur
2237 1278 2333 1337 in-

556 1375 820 1451 tellectu,
867 1378 1158 1460 quidquid
1202 1379 1258 1436 J.
1306 1376 1561 1457 Scaliger
1610 1377 1764 1438 dicat
1811 1377 1884 1436 ad
1929 1373 2333 1438 excusandum

556 1474 895 1566 Maronem,
938 1494 1115 1557 quem
1153 1493 1324 1555 supra
1364 1474 1689 1533 Homerum
1720 1474 1896 1534 nimis
1928 1473 2209 1533 extollere
2237 1472 2334 1530 ni-

556 1559 719 1629 titur.
768 1570 842 1630 In
891 1569 1243 1631 versionibus
1282 1570 1631 1630 omittantur
1674 1570 1839 1631 istius
1883 1570 2109 1651 generis
2153 1565 2334 1630 otiosa

555 1664 855 1748 Epitheta.

639 1775 704 1822 2⁰
746 1765 977 1823 Rerum
997 1763 1509 1847 describendarum
1535 1776 1777 1826 natura.
1806 1763 2071 1846 Singulae
2094 1784 2335 1847 quoque

555 1882 641 1921 res
682 1860 905 1922 habent
949 1861 1209 1944 aliquam
1246 1862 1356 1923 sibi
1397 1862 1689 1947 propriam
1733 1874 1790 1923 et
1831 1863 1910 1923 ita
1950 1860 2331 1923 inhaerentem

556 1958 928 2043 qualitatem,
970 1972 1069 2037 ut,
1099 1961 1213 2022 nisi
1242 1962 1378 2043 ipsae
1414 1961 1807 2037 destruantur,
1831 1959 2104 2021 omnibus
2130 1959 2196 2019 in
2222 1958 2337 2020 cir·

555 2058 918 2141 eumstantiis
940 2080 1069 2120 eam
1097 2069 1459 2121 conservent.
1485 2058 1791 2143 Quidquid
1808 2103 1826 2135 ,
1851 2057 2106 2141 exempli
2129 2056 2299 2119 causti
2316 2104 2337 2136 ,

559 2150 786 2217 dieatur
808 2157 878 2217 de
904 2158 1074 2218 cedro
1095 2158 1186 2218 vel
1212 2157 1286 2218 de
1308 2158 1470 2232 nive,
1495 2157 1599 2216 illa
1621 2178 1844 2238 semper
1865 2158 1972 2217 erit
1993 2155 2185 2233 olenS,
2209 2156 2336 2217 haee

558 2274 780 2335 semper
815 2253 1291 2330 alba.·Quamvis
1331 2253 1453 2314 haee
1494 2253 1905 2335 Epithetorum
1942 2255 2153 2336 species
2188 2275 2335 2338 saepe

558 2348 768 2430 frigida
791 2352 864 2410 sit
878 2396 896 2425 ,
919 2362 977 2410 et
1000 2351 1345 2434 plerumque
1366 2370 1400 2409 a
1420 2351 1733 2432 tyronibus
1753 2371 2050 2434 perperam
2069 2351 2339 2414 adhibea-

558 2456 682 2523 tur,
704 2444 1088 2506 informandae
1108 2458 1306 2531 tamen
1323 2447 1566 2529 imagini
1588 2470 2025 2532 nonnunquam
2043 2449 2338 2533 eleganter

560 2543 820 2606 inservit.
845 2544 934 2604 Ut
959 2545 1023 2604 in
1046 2544 1137 2604 his
1159 2544 1421 2627 Virgilii.

693 2683 817 2737 Haec
838 2684 1098 2755 (alvearia)
1116 2686 1312 2759 cir-eum
1330 2684 1474 2736 casiae
1494 2684 1716 2749 virides,
1733 2696 1783 2737 et
1803 2685 2003 2738 olentia
2021 2685 2132 2753 late

695 2770 960 2840 serpylla,
985 2780 1035 2821 et
1049 2772 1293 2840 graviter
1307 2771 1567 2839 spirantis
1589 2771 1727 2838 copia
1755 2772 2011 2835 thymbra

693 2853 917 2921 Floreat,
939 2858 1294 2926 irriguumque
1316 2851 1492 2904 bibant
1509 2852 1720 2904 violaria
1739 2853 1951 2906 fontem.
2125 2855 2155 2922 4
2194 2855 2264 2908 G.

702 2975 1019 2992 ..........
1055 2938 1345 3005 Primieque
1364 2940 1420 2990 in
1440 2935 1674 2988 faucibus
1695 2936 1823 2989 Oroi

696 3024 888 3076 Luctus
906 3032 957 3074 et
975 3022 1190 3075 ultrices
1212 3039 1425 3092 posuere
1445 3022 1636 3073 cubilia
1656 3041 1819 3087 eurae,

693 3106 1067 3179 Pallentesque
1085 3108 1320 3161 habitant
1339 3109 1537 3173 morbi,
1561 3110 1831 3178 tristisque
1849 3117 2081 3158 senectus

696 3194 762 3246 Et
784 3203 981 3259 metus,
1000 3203 1053 3245 et
1081 3194 1387 3246 malesuada
1406 3195 1592 3260 sames,
1616 3201 1666 3244 et
1686 3194 1855 3262 turpis
1876 3200 2080 3260 egestas.
2146 3194 2182 3245 6
2211 3190 2299 3245 AE.

641 3296 800 3393 Tum
834 3351 978 3410 xvero
1017 3330 1308 3414 Epitheta,
1328 3331 1673 3413 deprompta
1709 3353 1788 3392 ex
1832 3329 1948 3403 hoc
1986 3330 2155 3393 fonte
2193 3329 2337 3413 plu-

559 3430 775 3491 rimum
819 3428 1044 3507 valent,
1084 3450 1223 3491 eum
1275 3428 1676 3507 descriptionis
1719 3427 2031 3499 efficaciam
2080 3439 2333 3509 augent,
