2520 4211
1278 335 1547 426 (ωε)

524 474 836 540 conferant
858 475 930 536 ad
960 475 1307 556 elegantiam
1330 485 1391 537 et
1414 475 1760 557 dignitatem
1783 473 2133 537 elocutionis
2154 481 2298 558 poe·-

496 559 682 648 ’ticoe‚
731 594 807 633 ne
850 583 1075 648 tamen,
1119 594 1280 634 more
1322 573 1714 655 quorumdam
1756 572 2176 647 recentiorum,
2219 574 2304 632 ita

524 668 984 750 profundantur,
1020 680 1086 730 ut
1115 670 1296 733 dictio
1328 691 1454 730 non
1492 669 1782 732 dissimilis
1815 671 1888 731 sit
1921 670 2205 731 exercitui
2234 671 2304 730 in

525 785 646 848 quo
667 765 996 827 habeantur
1016 776 1105 828 tot
1127 767 1635 850 suffarraneiquot
1658 768 1911 832 milites.·

604 862 768 923 Circa
795 886 966 925 usum
1003 863 1413 948 Epithetorum
1445 864 1503 924 id
1539 865 1823 943 imprimis
1849 864 2160 946 diligenter
2193 863 2303 925 ob-

526 961 869 1023 servandum
881 973 966 1023 eet
976 1007 994 1038 ‚
1014 972 1083 1023 ut
1106 964 1217 1038 rei,
1232 963 1306 1023 de
1327 962 1445 1045 qua
1463 963 1671 1044 agitur,
1696 964 1815 1023 sint
1835 963 2308 1023 accommodatis-

525 1056 667 1118 sima
683 1079 701 1134 3
719 1055 834 1118 hoc
854 1068 938 1118 est
950 1103 968 1134 ‚
995 1069 1063 1118 ut
1082 1078 1205 1119 non
1230 1058 1420 1119 solum
1443 1058 1817 1119 substantivo
1839 1059 1935 1120 cui
1954 1058 2301 1118 tribuuntur

523 1154 879 1215 conveniant
894 1199 910 1228 ,
935 1156 1028 1215 sed
1054 1155 1226 1215 etiam
1251 1167 1320 1217 ut
1344 1154 1429 1217 vel
1455 1176 1667 1216 novam
1688 1155 2004 1238 quamdam
2028 1156 2135 1215 toti
2159 1177 2300 1216 sen-

524 1251 721 1311 tentiae
756 1252 873 1312 vim
905 1253 1183 1334 adjiciant
1196 1291 1221 1328 ‚·
1252 1254 1342 1314 vel
1378 1274 1597 1313 novum
1631 1253 1871 1337 aliquod
1906 1254 1959 1314 ei
1997 1253 2204 1314 lumen
2241 1264 2304 1315 et

523 1349 696 1410 decus
733 1348 1078 1426 affundant3
1124 1350 1361 1410 inutilia
1399 1352 1560 1412 enim
1593 1373 1661 1412 eo
1693 1352 1820 1429 ipso
1851 1361 2099 1427 nocent,
2135 1352 2300 1433 quod

522 1445 679 1508 nihil
719 1458 985 1529 prosunt.
1016 1447 1311 1529 Exemplo
1345 1448 1417 1508 sit
1454 1446 1578 1508 haec
1612 1446 1834 1529 phrasis
1863 1447 2192 1529 Virgiliana
2225 1449 2301 1510 de

522 1542 902 1619 Prometheo,
930 1544 1095 1625 cujus
1114 1544 1190 1604 ad
1210 1544 1533 1607 Caucasum
1560 1538 1781 1627 alligati
1800 1548 2042 1623 viscera,
2070 1547 2138 1607 in
2164 1568 2301 1629 ραι·

524 1662 665 1702 nam
696 1642 848 1723 ignis
875 1642 1276 1704 fraudulenter
1298 1643 1374 1704 ab
1405 1643 1513 1705 illo
1536 1646 1602 1705 in
1630 1654 1805 1707 terras
1826 1645 2005 1720 illati,
2030 1644 2233 1706 vultur
2262 1665 2299 1704 a

523 1738 667 1799 Jove
692 1739 894 1800 missus
916 1739 1267 1801 dilacerabat
1291 1765 1305 1824 ς

670 1942 1057 1959 ............
1080 1907 1369 1976 Rostroque
1394 1911 1641 1961 immanis
1665 1909 1849 1960 vultur
1867 1908 2063 1961 obunco

658 1990 965 2044 Immortale
984 1994 1127 2059 jecur
1147 1995 1395 2060 tundens,
1407 1993 1771 2064 foecundaque
1794 1994 1957 2062 poenie

659 2072 884 2129 Viscera.

606 2233 778 2294 Tolle
817 2215 1093 2316 Epitheta
1110 2279 1128 2310 ‚
1167 2247 1228 2297 et
1268 2256 1400 2319 quae
1434 2244 1695 2298 remanet
1730 2234 2016 2299 sententia
2062 2255 2079 2293 z
2115 2246 2299 2296 rocem

521 2334 738 2399 vultur
752 2332 1005 2393 tundens
1022 2337 1203 2410 jecur
1219 2345 1279 2390 et
1300 2336 1565 2408 viscera,
1598 2332 1752 2393 nihil
1785 2332 2079 2415 poiiticum
2106 2342 2296 2392 sonat.
2407 2338 2412 2341 ’

522 2429 638 2489 Vel
673 2450 783 2510 pro
823 2427 1115 2510 Epithetis
1144 2430 1381 2510 Virgilii
1415 2442 1573 2492 utere
1611 2430 1987 2514 sequentibus
2024 2454 2039 2489 τ
2082 2431 2303 2490 vultur

520 2526 802 2586 devolans
823 2537 1005 2585 rostro
1024 2526 1173 2586 duro
1199 2528 1374 2587 molle
1381 2532 1560 2605 jecur
1576 2551 1651 2588 ac
1669 2531 1884 2589 intima
1900 2531 2135 2589 viscera
2156 2541 2302 2588 ιιιη-

519 2626 686 2699 dene,
708 2645 886 2708 quam
904 2625 1066 2684 nuda
1082 2636 1139 2686 et
1156 2622 1455 2703 incompta
1471 2636 1556 2688 est
1574 2626 1891 2688 sententia!
1916 2627 2299 2709 Quamquam

520 2724 722 2785 vultur
743 2723 1003 2809 quotidie
1028 2723 1318 2787 devolaret
1345 2724 1420 2784 ad
1450 2724 1884 2786 dilacerandum
1921 2732 2109 2786 rostro
2133 2722 2299 2806 quod
2349 2760 2360 2765 -

519 2823 739 2883 drawn
764 2833 916 2899 erat,
947 2821 1109 2902 jecur
1142 2822 1305 2905 quod
1336 2822 1534 2897 molle,
1572 2833 1631 2884 et
1666 2824 1878 2884 viscera
1913 2840 2046 2902 quae
2081 2823 2299 2879 intima

518 2931 706 2982 erant.
723 2920 900 3002 Apud
918 2923 1220 2983 Maronem
1242 2920 1442 2981 omnia
1461 2930 1602 2982 sunt
1620 2919 1807 2981 vivida
1824 2930 1883 2980 et
1899 2940 2071 2980 sensu
2088 2917 2297 3001 plena;

519 3017 722 3078 vultur
763 3019 975 3079 dicitur
1011 3020 1325 3090 inmania,
1371 3027 1576 3099 utpote
1612 3008 1947 3079 Promethei
1990 3014 2259 3076 carnifex
2274 3038 2294 3093 3

518 3125 769 3177 rostrum
807 3116 1138 3190 obuncum,
1177 3117 1299 3199 quo
1332 3115 1562 3177 facilius
1597 3116 1875 3177 miserum
1909 3112 2288 3195 discerperet5

495 3213 679 3294 jecur
701 3213 1062 3285 immortale,
1086 3235 1161 3274 ne
1183 3211 1484 3277 carnificio
1504 3232 1771 3294 unquam
1790 3213 2002 3275 deesset
2021 3214 2292 3292 materia;

516 3310 729 3372 viscera
741 3308 1044 3389 soecunda
1064 3300 1293 3389 pomi-3⁴,
1323 3311 1603 3371 nimirum
1638 3310 1883 3393 singulis
1916 3311 2189 3374 noctibus
2220 3312 2298 3372 ad

514 3407 927 3491 quotidianum
951 3405 1316 3468 carnificium
1341 3409 1714 3471 renascentia.
2077 3443 2083 3448 ·
