2520 4211
1256 281 1532 399 (104)

582 458 653 518 Id
680 468 792 534 est,
821 456 1016 517 hausit
1042 455 1248 516 vinum
1279 474 1554 537 spumans
1578 453 1643 512 in
1665 451 1837 514 aurea
1864 454 2083 535 patera.
2115 454 2275 518 Idem

503 560 672 642 poeta
709 567 910 637 stagna
944 566 1110 616 vocat
1139 556 1457 634 loquacia,
1495 563 1727 635 propter
1762 552 2069 633 strepitum
2100 564 2283 635 quem

502 656 694 738 Cycni
728 656 795 714 in
825 654 1043 735 stagnis
1069 652 1274 714 edunt.
1304 649 1441 710 Pari
1464 649 1641 710 modo
1674 648 1745 709 de
1777 646 2148 726 mulieribus,
2179 672 2284 733 per

500 752 646 813 mdes
688 750 909 811 Priami
953 747 1406 811 discurrentibus
1427 792 1443 824 ,
1496 758 1807 828 postquam
1857 746 2279 828 Neoptolemus

501 848 648 910 fores
670 848 1048 931 pei-fregerat,
1076 847 1221 908 dicit
1255 871 1269 906 :
1304 845 1595 907 foemineis
1625 847 1866 904 ululant
1897 844 2280 926 plangoribus
2325 833 2332 836 ⁴

502 949 680 1007 oedes.
707 947 787 1007 Et
806 946 1086 1008 Phaedrus
1110 946 1182 1007 de
1212 945 1369 1005 larva
1396 943 1645 1026 speciosa
1671 967 1686 1002 ε

569 1097 618 1149 Ο
641 1105 835 1164 quauta
854 1095 1069 1166 species!
1094 1097 1364 1148 cerebrum
1389 1094 1441 1160 (i.
1464 1111 1510 1145 e.
1531 1092 1873 1161 intellectum)
1892 1108 1996 1143 non
2020 1092 2189 1144 habet.

583 1235 655 1295 In
688 1232 1044 1295 carminibus
1077 1231 1367 1294 Bucolicis
1401 1232 1548 1290 anni
1584 1239 1941 1311 tempestates
1967 1228 2146 1310 vulgo
2177 1230 2283 1291 de-

503 1332 810 1413 signantur
844 1351 942 1413 per
970 1349 1141 1411 opera
1166 1328 1412 1401 rustica,
1442 1327 1851 1388 convenientia
1877 1325 1994 1388 illis
2025 1337 2278 1432 tempes-

502 1427 749 1503 tatibuS,
776 1436 842 1487 ut
867 1436 1026 1488 aestas
1050 1446 1151 1507 per
1174 1445 1433 1484 messem.
1460 1423 1576 1493 Ex.
1602 1445 1688 1505 gr.

638 1567 778 1620 Ante
797 1566 973 1618 focum
994 1565 1037 1614 si
1057 1564 1218 1632 frigus
1236 1564 1358 1640 erit
1383 1564 1427 1615 si
1449 1563 1622 1616 messis
1641 1564 1701 1616 in
1718 1564 1922 1616 umbra.
2040 1561 2205 1615 Vmo.

586 1697 652 1756 5ο
688 1694 1054 1755 Antecedens
1082 1714 1188 1775 pro
1211 1704 1635 1777 consequente,
1661 1693 1751 1755 vel
1777 1704 1997 1755 contra.
2032 1693 2152 1755 Ex.
2184 1713 2277 1775 gr.

646 1874 661 1909 .·
680 1871 864 1886 ......
896 1833 1113 1885 Fuimus
1130 1832 1291 1885 Troes
1304 1871 1320 1900 ‚
1344 1833 1449 1886 fuit
1475 1834 1631 1886 nium
1653 1843 1705 1887 et
1722 1834 1902 1903 ingens

639 1919 821 1972 Gloria
838 1918 1211 1972 Dardanidum.
1554 1917 1713 1971 Vma.

586 2050 660 2115 In
687 2048 802 2112 hoc
837 2049 1110 2133 exemplo
1143 2032 1515 2127 antecedens,
1542 2049 1825 2110 nimirum
1850 2047 1911 2108 id
1936 2047 2094 2131 quod
2130 2047 2278 2109 olim

505 2149 739 2211 fuerant
765 2149 1007 2231 Trojani
1025 2195 1042 2224 ‚
1082 2161 1391 2232 usurpatur
1420 2171 1525 2232 pro
1554 2159 1970 2230 consequente,
1999 2169 2130 2221 seu,
2171 2168 2277 2229 pro
2317 2156 2320 2161 “

503 2269 570 2310 eo
593 2247 753 2331 quod
775 2248 986 2308 deinde
1009 2247 1149 2308 facti
1172 2260 1329 2309 sunt.
1354 2248 1718 2311 Antecedens
1745 2249 1917 2326 etiam
1941 2268 2045 2330 pro
2066 2269 2276 2309 conse-

504 2354 722 2427 quente
757 2344 998 2425 ponitur
1031 2344 1096 2403 in
1137 2343 1229 2405 his
1269 2343 1551 2427 loquendi
1594 2344 1860 2406 formulis
1898 2369 1914 2404 t
1953 2357 2102 2404 sorte
2141 2349 2277 2404 med

502 2451 805 2500 concentus
829 2462 999 2513 sum5
1019 2440 1238 2501 oblitus
1257 2452 1346 2500 est
1370 2441 1779 2520 beneficiorum
1793 2468 1821 2516 ;
1845 2466 1919 2503 ne
1944 2446 2276 2503 memineris

483 2540 893 2618 xim'qzcitatwn
916 2556 1210 2610 mearum,-
1235 2537 1352 2600 hoc
1378 2550 1462 2600 est
1489 2563 1505 2600 z
1531 2546 1842 2602 contentus
1865 2562 1995 2602 sum
2018 2561 2087 2602 eo
2108 2540 2276 2623 quod

503 2636 651 2697 mihi
676 2647 823 2698 sorte
845 2634 1056 2718 obtigit
1064 2660 1081 2714 3
1111 2636 1410 2719 ingratum
1433 2640 1700 2699 animum
1727 2640 1979 2700 ostendit
2000 2640 2066 2699 in
2091 2638 2275 2700 bene·

503 2734 778 2797 factorem
803 2756 1007 2815 suum3
1027 2756 1105 2797 ne
1124 2737 1335 2818 punias
1358 2736 1694 2819 iniquitates
1714 2758 1885 2799 meas.
1900 2736 2275 2818 Consequens

502 2855 608 2915 pro
629 2834 1005 2896 antecedente
1026 2833 1275 2913 habetur
1296 2834 1361 2895 in
1387 2834 1804 2917 sequentibuss
1825 2912 1832 2917 ‚

641 2980 874 3033 Abstulit
893 2993 998 3034 atra
1017 2984 1152 3050 dies,-
1174 2993 1226 3036 et
1231 2982 1431 3054 funere
1451 2984 1628 3035 mersit
1652 2982 1849 3034 acerbo.
2042 2982 2202 3036 VIRO.

637 3058 887 3130 Quinque
911 3066 1015 3117 dies
1039 3068 1129 3118 tibi
1149 3068 1403 3136 pollicitus
1422 3085 1507 3119 me
1528 3085 1647 3118 rure
1667 3067 1931 3131 futurum,
2140 3054 2146 3062 ⁵

638 3146 890 3200 Sextilem
913 3149 1250 3223 (Augustum)
1268 3156 1441 3203 'totum
1466 3152 1688 3203 mendax
1714 3150 1990 3202 desideror.
2061 3147 2207 3201 Hon.

541 3334 557 3348 .
584 3287 836 3359 Funus,
864 3286 1021 3368 quod
1047 3286 1146 3347 hic
1172 3287 1483 3351 adhibetur
1500 3310 1607 3370 pro
1623 3300 1829 3358 morte,
1858 3286 2003 3349 solet
2028 3299 2274 3348 mortem
2353 3312 2358 3317 ·

502 3383 780 3465 consequi
796 3408 814 3462 ;
850 3384 1172 3459 Absentia,
1208 3387 1453 3449 eandem
1478 3385 1554 3447 ob
1582 3386 1900 3462 rationem,
1929 3386 2280 3470 exprimitur
