2520 4211
1303 336 1536 428 (74)

595 490 781 540 Contra
808 488 936 561 elius
958 486 1099 536 rudis
1120 486 1357 536 informes
1379 485 1592 535 ostendit
1609 495 1656 534 et
1675 496 1846 548 artus,

595 579 959 643 Hirsutumqne
976 577 1330 643 supercilium,
1353 593 1413 626 ac
1439 576 1650 625 caudam
1671 577 1926 627 sinuosum
1954 576 2057 648 (4),

594 668 827 733 Ingratus
853 667 989 725 visu,
1016 660 1188 715 sonitu
1212 663 1479 715 illaetabilis
1502 664 1635 729 ipso.

669 756 778 806 Nec
799 770 917 804 vero
935 755 1012 805 hae
1032 753 1140 803 sine
1161 754 1271 819 lege
1295 754 1422 802 datae
1435 788 1448 810 ‚
1469 755 1575 802 sine
1595 763 1758 802 mente
1778 751 1971 819 figure,

597 843 691 893 Sed
711 843 863 893 facies
881 858 967 892 sua
993 858 1087 909 pro
1108 843 1325 902 meritis,
1347 842 1649 907 habitusque
1663 873 1680 901 ‚
1705 858 1963 909 sonusque

598 932 825 995 Cunctis,
847 934 1031 997 cuique
1048 948 1167 980 suus
1181 964 1196 990 ‚
1222 948 1402 991 vocum
1425 931 1705 980 discrimine
1726 942 1884 980 certo.

671 1020 804 1089 Ergo
829 1020 915 1070 ubi
930 1022 1034 1084 jam
1056 1020 1220 1070 naut&
1237 1037 1437 1086 spumas
1456 1020 1572 1069 salis
1592 1035 1684 1069 aere
1703 1030 1902 1069 ruentes

598 1107 875 1159 Incubuere
894 1110 1014 1158 meri
1027 1144 1044 1171 ‚
1064 1109 1230 1158 videas
1249 1124 1482 1174 spumare
1504 1094 1740 1157 reductis

600 1200 911 1248 Convulsum
929 1200 1077 1248 remis
1093 1200 1369 1264 rostrisque
1393 1195 1692 1247 tridentibus
1715 1212 1891 1262 aequor
1911 1195 1982 1263 (5)
2013 1218 2025 1248 z

599 1289 743 1337 Tunc
762 1288 914 1354 louge
937 1287 1037 1337 sele
1059 1303 1177 1337 sexa
1195 1295 1407 1342 sonant,
1427 1296 1548 1334 tuuc
1572 1296 1618 1333 et
1634 1286 1761 1334 freta
1782 1285 1940 1334 ventis

600 1378 854 1444 Incipiunt
873 1378 1049 1443 agitata
1068 1356 1371 1431 tumescere,
1392 1374 1556 1422 littore
1572 1374 1756 1423 fluctus

598 1466 806 1516 Illidunt
823 1480 1003 1522 rauco,
1027 1464 1176 1528 s‘tthe
1195 1462 1397 1510 refracta
1422 1473 1755 1511 remurmurat
1775 1461 1908 1511 undu
1929 1460 2000 1526 (6)

603 1539 682 1604 Ad
699 1546 962 1618 scopulos,
984 1551 1189 1600 cumulo
1209 1551 1488 1616 insequitur
1506 1562 1787 1616 proeruptus
1804 1566 1943 1616 sqnae
1960 1566 2105 1602 mons
2123 1551 2224 1618 (7).

601 1642 732 1690 Cum
751 1655 868 1688 vero
893 1655 958 1688 ex
977 1639 1081 1688 alto
1104 1639 1394 1704 speculatus
1407 1639 1592 1688 'caerula
1612 1641 1802 1691 Nereus

599 1729 759 1785 Leuiit
779 1730 835 1778 in
853 1744 1040 1778 morem
1060 1729 1252 1794 stagni,
1275 1727 1581 1793 placidaeque
1608 1706 1805 1794 paludis
1827 1728 1930 1795 (8),

600 1818 801 1871 Labitur
824 1830 972 1869 uncta
993 1819 1132 1868 vadis
1151 1819 1311 1882 abies,
1335 1830 1467 1868 natat
1489 1830 1637 1868 uncta
1661 1821 1824 1869 carina
1847 1820 1943 1886 (9).

670 1910 825 1968 Tum,
849 1908 893 1957 si
914 1908 1025 1958 laeta
1047 1918 1258 1970 canunt,
1280 1907 1431 1958 hilari
1450 1910 1653 1975 quoque
1672 1909 1888 1958 carmina
1915 1908 2057 1958 vultu

601 1997 874 2059 Incedunt,
896 1997 1371 2062 laetumquessonant
1389 1996 1523 2044 haud
1542 1997 1709 2061 segnia
1734 1998 1901 2059 vultu3

599 2085 697 2135 Seu
714 2100 830 2135 cum
852 2101 964 2136 vere
985 2100 1118 2136 novo
1135 2085 1301 2136 rident
1319 2095 1456 2152 prata
1479 2084 1686 2134 humida
1703 2117 1719 2144 ‚
1738 2100 1824 2134 seu
1846 2100 1960 2135 cum

603 2174 842 2226 Panditur
860 2175 1047 2225 interea
1066 2173 1248 2224 domus
1274 2174 1629 2241 omnipotentis
1650 2173 1857 2239 Olympi
1885 2172 2014 2240 (to).
2073 2221 2074 2224 ,

672 2265 854 2315 Contra
875 2274 1042 2313 sutem
1060 2279 1117 2313 se
1138 2279 1191 2312 se
1209 2263 1373 2311 tristes
1394 2262 1660 2312 inamabile
1680 2278 1880 2312 carmen

600 2352 770 2400 Induit
789 2354 842 2400 in
862 2352 1059 2410 vultus,
1084 2352 1129 2398 si
1148 2353 1281 2399 forte
1299 2352 1457 2400 invisa
1478 2352 1702 2400 volucris

602 2441 764 2489 Nocte
780 2438 955 2488 sedens
973 2454 1138 2487 serum
1155 2439 1289 2486 canit
1309 2438 1600 2502 importuna
1622 2456 1712 2504 per
1731 2440 1929 2490 umbras
1943 2475 1959 2503 ‚

602 2531 672 2578 Ut
693 2528 949 2594 qnondam
974 2527 1027 2575 in
1049 2526 1208 2575 bustis
1223 2560 1240 2589 ,
1262 2536 1349 2575 aut
1367 2526 1670 2577 culminibus
1694 2521 1896 2579 desertis
1920 2530 1967 2595 (r
1983 2530 2047 2597 r).

674 2616 840 2667 Verba
868 2616 1009 2666 etiam
1034 2632 1109 2665 res
1130 2617 1334 2682 exiguas
1352 2626 1557 2682 angusta
1580 2628 1872 2682 sequuntur,

594 2815 655 2868 (4)
688 2808 899 2859 Hirsutus
919 2820 966 2859 et
983 2809 1178 2874 amplus,
1201 2810 1328 2857 mira
1344 2810 1580 2874 elegantiae
1598 2811 1831 2874 depositio.

596 2893 657 2949 (5)
689 2889 936 2938 Numeros·
956 2888 1165 2951 repetitio
1184 2889 1350 2936 litterae
1367 2888 1425 2935 R.

594 2974 654 3027 (6)
689 2959 913 3018 Numerus
931 2985 1077 3031 asper,
1098 2968 1305 3032 mugiens
1326 2979 1374 3016 et
1392 2970 1601 3017 tumidus.

595 3049 656 3107 (7)
689 3048 805 3110 Apte
820 3049 1040 3112 depositio
1057 3064 1141 3112 per
1156 3053 1313 3097 vocem
1328 3049 1703 3112 monosyllabam.

601 3131 662 3186 (8)
694 3125 833 3175 Voces
843 3128 1059 3190 jucunde
1076 3139 1122 3176 et
1137 3129 1321 3175 sedatae.

596 3211 658 3267 (9)
689 3206 871 3270 Dactyli
889 3207 1068 3256 eximiae
1086 3208 1370 3269 liquiditstis.

600 3291 693 3344 (ιο)
723 3287 888 3352 Versus
904 3287 1060 3334 faciles
1076 3297 1124 3334 et
1140 3289 1336 3336 rotundi.

599 3372 641 3426 (ι
651 3371 693 3424 ι)
726 3367 949 3416 Numerus
979 3367 1206 3431 lugubris,
1242 3380 1345 3432 apte
1377 3369 1584 3433 repetitio
1613 3367 1867 3416 litterarum
1902 3367 1945 3414 Μ
1976 3379 2024 3416 et
2057 3367 2119 3426 U,
2155 3368 2331 3418 flebilis

537 3448 757 3511 depositio
784 3465 869 3511 per
890 3441 1212 3512 Dispoudeum.
1311 3456 1317 3460 ’
1761 3473 1766 3478 ·
