2520 4211
1336 328 1363 417 (
1416 328 1536 395 146
1579 325 1608 418 )

580 468 670 531 -At
693 469 832 551 quia
855 448 1165 550 jam-‘supra
1180 514 1198 545 ‚
1220 488 1346 551 cap.
1374 489 1435 548 7.
1470 488 1600 550 pag.
1638 467 1768 541 131,
1792 476 2004 546 actum
2035 477 2121 540 est
2136 452 2220 531 'de
2245 467 2348 530 ins

583 566 977 649 descriptionis
1007 566 1224 647 specie,
1255 587 1390 649 quae
1422 565 1755 647 Diatyposis
1783 566 2032 641 dicitur,
2066 558 2348 648 superest,

584 678 653 728 ut
683 688 846 728 nunc
883 667 1148 749 quaedam
1176 664 1372 727 adhuc
1389 666 1663 727 dicamus
1682 664 1755 726 de
1773 663 2116 747 Ethopoeia,
2149 670 2350 728 Proso-

581 763 902 848 pographia
922 776 982 826 et
997 762 1430 848 Topographia.
1511 799 1518 800 ν
1607 770 1613 773 ’
2250 771 2276 790 ·’

659 866 984 943 Ethopoeia
994 909 1018 937 ,
1045 863 1119 924 ab
1143 867 1469 939 ἦθος-ποίέω,
1491 885 1675 924 mores
1681 863 1856 942 fingo
1866 907 1889 935 ,
1918 861 2191 924 describit
2221 883 2348 947 pera·

583 983 858 1024 sonarum
895 962 1177 1022 indolem.
1208 960 1519 1039 Ethopoeia
1549 960 1819 1022 historica
1850 961 1915 1021 in
1947 959 2062 1022 hoc
2089 960 2287 1022 differt
2314 981 2349 1021 a

582 1060 810 1143 poetica
825 1106 844 1136 ‚
867 1061 1030 1143 quod
1061 1059 1166 1120 illa
1195 1070 1391 1120 narrat
1418 1059 1606 1143 qualis
1633 1059 1807 1120 fuerit
1829 1051 2052 1121 indoles
2074 1080 2351 1142 persona-

582 1178 746 1238 rum,
775 1155 900 1219 haec
922 1177 1056 1219 vero
1087 1156 1278 1242 qualis
1306 1178 1421 1219 esse
1452 1156 1700 1239 potuerit
1725 1156 1816 1217 vel
1842 1155 2121 1218 debuerit.
2153 1158 2349 1235 Quare

585 1257 751 1340 poe'ta
764 1302 782 1331 ,
816 1278 953 1318 cum
981 1278 1168 1316 mores
1187 1254 1487 1330 describit,
1517 1251 1600 1314 ita
1623 1253 1764 1315 veris
1786 1253 1932 1315 falsa
1957 1247 2255 1330 remiscet,
2285 1267 2350 1317 ut

583 1354 783 1413 omnia
808 1354 1190 1433 respondeant
1213 1352 1516 1427 opinioni,
1543 1372 1724 1433 quam
1751 1352 1823 1413 de
1854 1352 2109 1434 personis
2130 1361 2356 1416 conoe·

579 1441 799 1532 pimus,
837 1458 939 1508 aut
970 1467 1150 1529 quam
1178 1446 1342 1531 ipse
1334 1445 1400 1506 in
1432 1467 1539 1507 suo
1569 1449 1858 1524 carmine,
1889 1449 1943 1507 si
1967 1469 2185 1509 novam
2212 1471 2349 1531 per-

579 1565 783 1605 sonam
829 1542 1041 1624 fingit,
1085 1541 1257 1603 nobis
1295 1543 1581 1674 inspirare
1625 1545 1806 1627 cupit.
1849 1545 2021 1607 Unde
2067 1547 2343 1609 Horatius

580 1641 648 1701 in
676 1640 756 1746 A.
787 1662 850 1719 p.

781 1786 896 1840 Aut
915 1788 1108 1841 famam
1123 1805 1365 1856 sequere,
1377 1799 1477 1841 caut
1492 1790 1588 1842 sibi
1607 1791 1967 1842 convenientia
1983 1793 2121 1862 linge

684 1929 689 1935 ,
712 1872 957 1941 Scriptor.
979 1871 1305 1925 Honoratum
1323 1875 1367 1925 si
1393 1874 1527 1927 forte
1544 1875 1745 1943 reponis
1760 1875 2025 1927 Achillem
2037 1914 2054 1941 ‚

713 1957 952 2027 Impiger,
977 1957 1283 2025 iracundus,
1310 1959 1662 2024 inexorabilis,
1694 1976 1808 2010 acer
1845 1989 1848 1994 -

555 2104 558 2108 .
637 2105 643 2113 Δ
711 2041 839 2095 Jura
856 2050 1005 2110 neget
1023 2041 1120 2094 sibi
1140 2050 1282 2109 nala,
1298 2043 1439 2113 ,nihil
1461 2060 1566 2093 non
1587 2050 1781 2112 arroget
1801 2043 1974 2095 armis.

628 2120 629 2123 Ἴ
681 2123 684 2127 ’
714 2125 797 2179 Sit
813 2125 988 2180 Medea
1010 2126 1156 2178 ferox
1170 2165 1189 2193 ,
1209 2126 1504 2194 invictaque
1521 2150 1537 2192 5
1557 2127 1741 2179 flebilis
1759 2127 1890 2192 Ino?
1927 2138 1932 2139 ⁷
2030 2146 2034 2159 ·

713 2207 943 2261 Perfidus
959 2210 1142 2276 Ixion3
1162 2210 1219 2263 Io
1241 2227 1365 2277 vaga
1383 2232 1399 2275 ς
1419 2211 1576 2261 tristis
1600 2209 1822 2264 Orestes.

576 2344 666 2404 Ut
695 2353 888 2403 autem
924 2345 1138 2427 cuique
1169 2366 1425 2426 personae
1456 2345 1653 2407 reddat
1688 2346 2091 2407 convenientia
2109 2391 2130 2421 ,
2155 2357 2350 2410 teneat
2461 2368 2464 2379 ³

575 2441 746 2525 poeta
771 2440 972 2500 animo
993 2439 1292 2501 scientiam
1321 2450 1644 2522 temporum
1669 2442 2113 2521 praeteritorum,
2145 2454 2352 2505 noscat

574 2560 764 2600 mores
781 2549 838 2600 et
857 2536 1045 2599 officia
1067 2537 1355 2598 variarum
1377 2537 1784 2598 conditionum
1810 2549 2210 2622 aetatumque,
2225 2560 2349 2602 res·

575 2639 754 2721 piciat
780 2634 1078 2718 exemplar
1099 2635 1253 2710 vitae‚
1280 2644 1338 2695 et
1363 2633 1500 2694 inde
1524 2655 1677 2695 veras
1699 2655 1863 2696 voces
1884 2635 2209 2723 depromat.
2237 2636 2348 2698 Se·

575 2758 763 2819 quens
785 2735 1090 2817 descriptio
1116 2732 1467 2794 diversarum
1490 2741 1724 2793 aetatum
1743 2732 1872 2791 vitae
1891 2731 2164 2794 humanae
2182 2735 2345 2794 omni

574 2853 821 2894 numero
851 2826 1165 2913 perfectam
1187 2829 1561 2912 Ethopoeiam
1584 2828 1866 2891 exhibet:
1925 2801 1945 2853 ¹

778 2979 1009 3033 Reddere
1028 2979 1123 3048 qui
1145 2996 1291 3031 voces
1308 2982 1413 3046 jam
1432 2978 1526 3031 scit
1548 2997 1675 3048 puer
1688 3018 1705 3045 ,
1725 2987 1776 3031 et
1797 2979 1919 3047 pede
1935 2987 2076 3030 certo

705 3062 884 3131 Signat
902 3066 1152 3128 humum,
1175 3065 1324 3132 gestit
1347 3065 1552 3133 paribus
1569 3063 1849 3133 colludere,
1873 3070 1925 3113 et
1947 3061 2082 3112 iram

709 3145 945 3216 Colligit,
964 3163 1022 3198 ac
1046 3146 1191 3215 ponit
1214 3156 1430 3213 temere,
1451 3157 1503 3200 et
1529 3156 1759 3198 mutatur
1778 3145 1840 3196 in‘
1855 3146 2024 3196 horas.

773 3218 1022 3282 Imber-bis
1047 3230 1252 3296 juvenis
1269 3268 1284 3291 ‚
1310 3232 1515 3282 tandem
1537 3231 1741 3282 custode
1760 3238 1953 3283 remoto
1968 3267 1984 3293 ‚

708 3314 913 3366 Gaudet
931 3315 1075 3381 equis
1090 3352 1106 3379 ,
1128 3316 1442 3384 canibusque
1454 3357 1469 3383 ,
1498 3327 1549 3368 et
1568 3316 1724 3384 aprici
1745 3316 1977 3384 gramine
1993 3318 2160 3385 campi
2174 3354 2193 3382 ,

706 3399 970 3452 cetensio
993 3398 1183 3452 vitium
1207 3403 1369 3468 flecti,
1396 3401 1734 3455 monitoribus
1753 3419 1912 3472 asper,
1971 3388 1976 3395 ⁸
