2520 4211
977 269 1247 357 (125)

223 422 581 500 quapropter
602 410 785 484 Boeta
806 411 1076 470 timorem
1104 409 1395 490 eleganter
1428 429 1460 467 a
1489 417 1614 467 toto
1641 409 1714 468 ad
1745 419 1961 490 partem
1973 453 1997 490 ,

226 513 302 574 ab
333 510 533 594 aquilii
559 509 633 569 ad
660 508 783 590 ejus
805 529 1029 589 ungues
1051 505 1343 567 transfert.
1371 504 1505 564 Pari
1531 506 1758 567 ratione
1785 506 2001 572 Nereus

226 611 384 693 apud
400 608 712 669 Horatium
732 606 1077 667 vaticinatur
1094 604 1361 665 adultero
1379 603 1574 664 Paridi
1589 650 1607 680 ,
1621 626 1745 682 sero
1766 605 2002 665 tandem
2061 661 2082 678 ,

226 710 408 791 ipsius
452 706 690 767 cadaver
721 726 822 787 per
857 703 1151 785 pulverem
1186 710 1438 763 tractum
1477 702 1550 760 iri
1589 724 1604 759 z
1649 704 1795 761 Heu
1837 724 2001 761 seme

229 806 527 866 adulteros
542 806 731 863 crinea
745 804 991 880 pulvere
1007 801 1271 859 colline-s,
1290 799 1404 860 Sed
1427 820 1503 858 ne
1523 798 1794 860 inutilem
1819 820 1944 880 cap.
1965 796 2005 875 4

229 902 633 985 repetitionem
661 898 1059 971 instituamus,
1095 896 1268 979 plura
1306 897 1378 958 de
1415 895 1530 958 hoc
1563 896 1728 958 fonte
1761 896 2003 959 scribere

232 997 745 1084 supersedebimus.
1443 991 1448 998 ’
1573 995 1579 1001 ’

313 1111 379 1158 2⁰
418 1097 701 1156 [dearum
735 1094 1042 1173 oppositio.
1072 1092 1147 1152 V.
1171 1113 1259 1173 gr.

368 1233 512 1302 Saepe
535 1219 672 1283 orea‘t
690 1229 870 1282 molles
895 1246 1081 1299 aspera
1104 1228 1247 1297 spina
1274 1245 1421 1278 rosas.
1695 1229 1809 1282 Ov.

367 1316 465 1368 Ille
485 1334 574 1384 ego
593 1316 684 1382 qui
705 1315 961 1382 quondam
980 1312 1177 1383 gracili
1199 1312 1487 1363 modulatus
1505 1311 1666 1363 avena

367 1405 589 1455 Carmen
632 1438 919 1453 .........
931 1409 982 1452 at
1004 1418 1146 1452 nunc
1171 1400 1444 1452 horrentia
1462 1399 1640 1451 Martis

369 1487 533 1539 Arma
554 1503 697 1537 cano·
1315 1481 1479 1535 VIRO.

310 1614 469 1673 Vide
491 1633 622 1694 quae
642 1610 797 1686 infra
810 1655 826 1685 ‚
849 1630 976 1687 cap.
1002 1629 1062 1691 7,
1083 1609 1298 1671 dicturi
1317 1631 1515 1670 sumus
1536 1609 1607 1670 ‹le
1635 1609 1957 1671 Antithesi-

316 1711 383 1769 30
421 1710 725 1770 Interdum
754 1708 837 1768 vis
875 1707 1175 1789 elegantiae
1205 1709 1463 1768 maxima
1497 1709 1648 1768 inest
1681 1706 2001 1789 Epithetis,

233 1831 367 1892 quae
398 1807 733 1887 adjunctam
769 1804 991 1865 habent
1020 1806 1279 1887 aliquam
1307 1787 1700 1887 negationem..
1720 1803 2004 1888 Virgilius

233 1907 487 1972 referens
512 1903 799 1966 deturbati
822 1904 893 1963 ad
922 1903 1140 1964 inferos
1161 1904 1457 1964 Salmonei
1478 1891 1711 1985 poenam
1725 1946 1743 1975 ,
1776 1906 1880 1985 qui
1904 1927 2006 1987 per

232 2007 523 2068 aheneum
559 2013 800 2081 pontem
838 1999 1131 2084 quadrigis
1166 2010 1391 2078 vectus,
1426 2010 1484 2060 et
1520 2000 1669 2061 faces
1708 1999 2000 2080 jaculans,

231 2105 494 2167 tonitrua
523 2113 581 2163 et
602 2100 830 2162 fulmen
852 2098 1068 2159 imitari
1091 2096 1305 2175 voluit,
1330 2098 1411 2158 sic
1432 2096 1609 2160 habet
1629 2098 1735 2159 lib.
1760 2095 1802 2158 6
1825 2098 1959 2161 AEn.

375 2287 729 2303 ...........
775 2246 1081 2316 Divumque
1109 2249 1204 2300 sibi
1231 2249 1460 2316 poscebat
1477 2249 1727 2299 honorem

284 2340 287 2343 '
370 2333 621 2399 Demens,
641 2334 734 2399 qui
754 2334 954 2383 nimbos
974 2340 1025 2383 et
1048 2349 1154 2383 non
1176 2331 1436 2383 imitabile
1460 2331 1691 2399 fulmen,

368 2420 537 2484 Aere,
556 2428 608 2469 et
625 2419 957 2487 cornipedum
978 2435 1131 2469 cursu
1153 2417 1422 2470 simularat
1444 2436 1714 2487 equorum.
1735 2474 1736 2479 ,

317 2556 598 2637 Similiter
620 2555 896 2617 Lucanus
919 2556 1104 2630 dixit,
1129 2577 1255 2617 non
1280 2557 1404 2618 sine
1426 2557 1681 2639 quadam
1703 2557 1960 2641 emphasi
1985 2582 2000 2617 ε

233 2678 355 2717 non
377 2678 538 2716 unus
564 2655 830 2735 transigit
860 2654 1010 2714 ensis
1036 2653 1277 2733 viscera3
1299 2654 1360 2712 id
1389 2664 1502 2729 est,
1537 2657 1741 2714 multis
1771 2656 2003 2717 ensibus

233 2754 588 2816 confoditur.
1167 2817 1170 2820 ⁴

314 2850 385 2929 4⁰
416 2849 611 2912 Pofitae
643 2868 769 2909 non
805 2847 1108 2907 invenuste
1148 2845 1447 2905 interdum
1484 2866 1585 2923 per
1616 2848 2004 2923 comparatio-

236 2970 373 3010 nem
410 2944 687 3025 Epitheta
724 2941 1062 3004 nominibus
1095 2940 1401 3003 adhibent.
1421 2943 1503 3003 V.
1540 2964 1601 3022 g.

369 3095 437 3148 Et
454 3098 607 3160 juxta
629 3111 796 3147 comes
818 3093 1027 3162 (aderat)
1054 3092 1324 3159 Eurialus,
1343 3107 1444 3161 quo
1453 3088 1732 3160 pulchrior
1747 3090 1887 3145 alter

367 3179 490 3233 Non
508 3179 610 3230 fuit
628 3179 939 3263 fEneadum.
1505 3175 1668 3229 Vmo.

376 3302 392 3318 .
414 3300 598 3315 ......
632 3263 780 3316 Cadit
800 3273 851 3316 et
873 3263 1126 3333 Rypheus
1140 3264 1474 3331 justissimis
1498 3279 1633 3314 unus

369 3353 480 3422 Qui
502 3352 605 3403 fuit
626 3352 684 3402 in
700 3351 949 3421 Teucria,
972 3361 1027 3406 et
1041 3353 1471 3405 servantissimus
1489 3352 1640 3421 aequi.
1782 3353 1868 3405 Id.

1690 3466 1716 3510 1
1742 3466 1766 3510 1
1786 3494 1800 3511 .
