2520 4211
1007 370 1237 462 (31)

232 524 360 574 tute
382 507 715 594 superatum
742 532 776 571 a
794 511 1048 595 Virgilio
1069 512 1416 593 fateremur3
1436 535 1503 576 ea
1525 515 1683 577 enim
1705 526 1790 577 est
1814 516 2010 599 Virgi-

209 609 530 686 lianorum
574 609 902 671 carminum
948 610 1229 688 dulcedo,
1278 633 1344 673 ea
1389 614 1661 689 varietas,
1712 614 1895 696 gratia
1939 634 2011 676 ac

232 698 529 789 majestas,
566 720 636 769 ut
674 708 858 789 major
890 731 1269 772 numerorum
1307 712 1586 795 perfectio
1623 714 1730 773 vix
1768 713 2008 795 cogitari

232 807 432 890 possit.
637 824 641 830 ’
1349 805 1352 810 '
1963 874 1979 893 ι
2017 835 2020 840 >

323 891 604 983 Qualitas
626 904 970 964 litterarum.
1002 905 1258 982 Quando
1290 907 1559 967 saevitiem
1595 916 1699 968 aut
1730 908 2008 990 asperita-

233 1011 351 1064 tem
375 1000 701 1083 significare
723 1001 905 1084 cupit,
931 1001 1076 1061 mirei
1096 1014 1214 1064 arte
1233 1004 1630 1085 conglomerat
1651 1005 1903 1067 litteram
1921 1005 1975 1065 R
1986 1005 2014 1079 ,'
2064 1083 2076 1091 ἱ

170 1111 173 1114 ’
232 1100 493 1183 aliosque
515 1120 687 1161 sonos
705 1099 1030 1162 frementes.
1049 1100 1170 1161 Ex.
1188 1122 1292 1183 gr.
1449 1115 1458 1118 “

385 1277 617 1294 .......
656 1245 826 1310 (Mars)
855 1245 1027 1295 fremet
1047 1226 1283 1295 horridus
1302 1262 1389 1296 ore
1412 1257 1636 1295 cruento.
1768 1246 1787 1293 1
1821 1247 1899 1294 AE.

375 1333 551 1382 Dirum
568 1345 885 1394 exsecrantur
906 1333 1097 1383 bellum
1108 1367 1269 1383 .....
1500 1333 1558 1381 ll
1582 1335 1661 1381 Ε.

371 1424 503 1487 Ergo
520 1438 644 1489 aegre
663 1406 842 1471 terrani
861 1425 1026 1472 rastris
1045 1424 1308 1472 rimantur.
1525 1421 1561 1470 3
1582 1423 1650 1471 G.

372 1514 504 1563 Tum
520 1514 639 1563 ferri
657 1506 809 1582 rigor,
829 1527 977 1581 atque
997 1528 1178 1591 argutae
1195 1517 1377 1565 lamina
1396 1533 1558 1568 serrae.
1729 1507 1732 1514 ’
1778 1516 1801 1563 l
1836 1517 1903 1565 G.

374 1604 508 1660 Hinc
535 1603 763 1652 exaudiri
786 1604 998 1670 gemitus
1013 1640 1028 1663 ‚
1047 1617 1097 1655 et
1117 1622 1242 1655 saevs
1264 1623 1438 1656 sonare

374 1692 588 1742 Verbera
606 1710 622 1754 3
643 1704 749 1741 tum
767 1695 950 1744 stridor
969 1695 1111 1755 ferri,
1131 1706 1389 1761 trsctaeque
1407 1705 1609 1747 catenae.
1755 1693 1789 1742 6
1817 1696 1894 1743 AE.
1945 1735 1948 1740 ,

311 1822 422 1884 Res
441 1832 608 1899 atras,
633 1822 922 1886 luctuosas
942 1835 1002 1886 et
1023 1824 1303 1885 terribiles
1324 1823 1603 1906 exprimit
1620 1822 1819 1885 crebro
1841 1843 2003 1905 repe-

226 1920 350 1981 titis
366 1922 433 1980 M
453 1930 512 1982 et
530 1920 619 1997 U,
640 1943 772 2003 quae
788 1920 995 1986 litterae
1009 1932 1243 1986 mutum
1267 1922 1582 2005 quemdam
1602 1942 1671 1983 ac
1692 1919 2003 2002 lugubrem

112 2025 124 2042 ’
229 2039 440 2080 sonum
464 2018 667 2083 edunt.
686 2018 808 2080 Ex.
830 2041 921 2102 gr.
949 2063 954 2068 -

370 2167 621 2218 Continuo
639 2168 799 2217 ventis
815 2168 1131 2234 surgentibus
1143 2201 1160 2230 ,
1185 2177 1274 2217 sut
1291 2168 1411 2228 frete
1435 2168 1579 2231 ponti

366 2242 620 2321 Incipiunt
638 2256 817 2324 agitata
843 2267 1140 2318 tumescere3
1159 2268 1208 2306 et
1230 2257 1398 2307 aridus
1418 2257 1533 2306 eltis

371 2344 634 2408 Montibus
652 2346 815 2396 audiri
835 2347 1019 2414 fragor,
1047 2358 1130 2396 sut
1149 2348 1427 2397 resonantia
1446 2344 1592 2413 longe

370 2432 554 2482 Littora
575 2433 794 2492 misceri,
819 2445 867 2484 et
885 2428 1145 2485 nemorum
1163 2435 1528 2485 increbrescere
1548 2450 1789 2491 murmur.
1826 2433 1847 2482 l
1880 2435 1943 2482 G.

369 2523 450 2570 Au
477 2523 689 2588 premier
705 2523 964 2573 sifflement
984 2524 1070 2575 des
1094 2537 1236 2574 vents
1259 2510 1577 2591 impet'ueux,

369 2610 547 2659 Tantot
569 2626 635 2659 su
653 2611 776 2659 bant
794 2612 881 2660 des
903 2622 1070 2661 monts
1087 2613 1211 2662 d'un
1227 2613 1363 2664 bruit
1384 2614 1707 2663 tumultueux

370 2701 455 2750 On
475 2699 657 2762 entend
680 2700 752 2747 les
775 2699 949 2758 &elatu
975 2700 1132 2749 tantot
1155 2701 1227 2748 les
1245 2717 1372 2749 mers
1390 2699 1658 2764 profondes

369 2787 640 2837 Sonlevent
657 2785 992 2852 en—grondsnt
1013 2790 1064 2835 et
1083 2786 1347 2845 balancent
1367 2787 1501 2835 leurs
1523 2784 1677 2834 ondes
1700 2801 1714 2831 ε

304 2910 311 2917 ·
364 2877 543 2927 Tantot
560 2887 706 2926 court
722 2892 808 2924 sur
826 2876 871 2923 la
893 2875 1037 2940 plage
1056 2890 1128 2923 un
1149 2871 1267 2939 long
1287 2875 1654 2939 mugissement,

368 2968 432 3015 Et
448 2966 520 3014 les
539 2965 704 3014 noires
723 2963 865 3013 fot-ets
884 2973 1194 3011 murmurent
1217 2958 1570 3011 sourdement-¹
1677 2964 1924 3031 Detinu-

378 3085 540 3105 .....
560 3052 806 3104 Femine’is
825 3051 1022 3101 ululant
1037 3051 1336 3100 clamoribus
1356 3051 1497 3101 aedes.
1681 3049 1716 3098 2
1742 3051 1832 3098 AE0·

380 3174 643 3192 ........
662 3143 861 3192 Gemitu
888 3156 1066 3189 nemus
1083 3155 1232 3189 omne
1250 3138 1481 3206 remugit.
1648 3137 1713 3185 12
1748 3141 1827 3187 Ε.

307 3270 563 3349 Observa
595 3270 847 3334 litteram
875 3269 950 3330 *U
989 3268 1192 3331 eodem
1232 3287 1377 3328 sono
1421 3265 1707 3350 prolatam
1752 3264 1922 3326 fuisse
1965 3285 1998 3322 a

221 3369 503 3433 Romanis
520 3415 538 3446 ‚
569 3355 895 3452 quo-*nunc
933 3367 1224 3453 profertur
1257 3364 1333 3426 ab
1374 3364 1534 3426 Italis
1568 3373 1628 3425 et
1662 3362 1997 3434 Germani5‚

219 3490 323 3531 seu
351 3489 473 3551 quo
494 3467 857 3552 diphtongus
879 3491 945 3529 oe
969 3464 1387 3552 pronuntiatur
1404 3484 1438 3523 a
1459 3461 1672 3546 Belgis.
1765 3471 1773 3477 ’
