2520 4211
1193 317 1199 322 ’
1297 334 1535 426 (84)

607 479 615 488 '
673 483 802 536 Cum
825 497 936 546 spes
953 491 1152 532 arrectae
1172 480 1415 544 iuvenum
1431 513 1448 542 ,
1467 463 1838 543 exultantiaqua
1857 476 2026 527 haurit

675 569 839 620 Corda
858 586 1016 635 pavor-
1033 572 1266 636 pulsans3
1287 570 1364 619 illi
1379 569 1569 619 instant
1591 567 1795 617 verbere
1815 576 1951 617 torto
1964 600 1980 628 ,

671 661 734 708 Et
757 660 904 724 proni
923 658 1043 707 dant
1063 660 1169 708 lora
1190 676 1204 707 z
1225 659 1361 708 volat
1378 659 1430 706 vi
1448 655 1665 706 fervidus
1683 656 1811 705 axia.
1871 704 1875 709 .

672 749 888 815 Jamque
910 747 1149 807 humiles,
1166 749 1366 814 iamque
1385 747 1501 796 elati
1524 745 1736 795 sublime
1757 744 1991 793 videntur

594 851 599 856 ·
634 832 639 839 ’
662 815 804 888 Ἄρη
823 854 915 904 per
936 854 1146 888 vacuum
1173 837 1319 898 ferri,
1339 828 1487 903 atqu'e
1505 851 1761 902 assurgere
1780 836 1836 884 iu
1858 848 2021 882 auras.
2096 828 2132 877 3
2157 831 2224 880 G.
2256 887 2263 894 ·

613 932 933 1025 Suspensio
972 957 1029 1005 et
1056 945 1311 1004 concisio
1343 937 1740 1027 numeroram.
1782 939 1991 1001 Multis
2023 937 2310 1020 variisque

535 1039 722 1104 medis
761 1062 1032 1105 numeros
1049 1040 1419 1126 ,suspendere
1451 1049 1556 1100 aut
1590 1038 1890 1101 concidere
1930 1035 2076 1098 solet
2105 1033 2313 1115 Virgi-

535 1138 677 1217 lius,
700 1141 942 1223 quando
962 1161 1156 1201 rerum
1179 1139 1528 1222 interruptio
1548 1135 1804 1220 postulat
1825 1146 1893 1197 ut
1920 1156 2035 1195 vox
2066 1131 2312 1215 legentis

534 1237 825 1321 paulisper
863 1239 1144 1322 quiescat.
1186 1236 1526 1298 Artificium
1565 1235 1681 1297 hoc
1722 1235 1847 1297 sine
1887 1231 2077 1294 multo
2114 1229 2314 1291 labore

535 1334 927 1418 deprehendes
949 1337 1013 1397 in
1039 1334 1413 1420 sequentibus
1435 1333 1720 1416 exemplis
1743 1355 1759 1392 ε
2049 1318 2060 1324 ’

1737 1418 1783 1438 Q

581 1493 950 1510 ...........
978 1462 1040 1509 Et
1056 1461 1235 1510 stuatra
1253 1460 1529 1509 retinacula
1548 1459 1753 1508 tendens
2175 1523 2180 1526 x

571 1551 751 1612 Fertur
767 1550 909 1616 cquis
928 1550 1125 1616 auriga,
1159 1546 1170 1617 Ι
1202 1540 1363 1615 neque
1385 1547 1524 1598 audit
1542 1564 1719 1597 currus
1737 1546 1972 1596 habenas.
2052 1543 2070 1590 l
2102 1544 2166 1596 G.

641 1638 720 1685 Ao
743 1635 883 1685 velut
905 1636 960 1684 in
976 1637 1188 1698 somnia,
1214 1636 1389 1686 oculos
1411 1636 1500 1685 uhi
1521 1635 1752 1702 languida
1775 1635 1951 1701 pressit

570 1721 733 1773 Nocte
751 1725 892 1789 quies
905 1759 920 1787 ‚
943 1725 1276 1791 nequicquam
1298 1724 1471 1774 avidos
1494 1724 1760 1774 extendere
1781 1739 1957 1793 cursus

536 1817 537 1820 ’
570 1811 715 1861 Velle
737 1812 982 1873 videmur,
1005 1812 1017 1878 Ι
1037 1824 1084 1863 et
1105 1815 1159 1863 in
1180 1814 1354 1863 mediis
1367 1813 1626 1863 conatibus
1643 1810 2104 1878 aegriSuccidimus.
2146 1807 2210 1857 12
2233 1803 2311 1856 Ε.

644 1905 762 1953 Haec
787 1903 875 1952 nbi
898 1904 1025 1953 dicta
1039 1937 1056 1965 ,
1087 1901 1100 1971 Ι
1128 1892 1305 1953 cavum
1324 1902 1556 1954 conversa
1577 1902 1783 1968 cuspide
1797 1907 2028 1961 Jm‘outem

456 2039 462 2046 ,
573 1990 780 2056 Impulit
796 1992 852 2041 in
872 1992 1018 2042 latua.
1039 1992 1067 2061 u
1088 1995 1159 2044 At
1176 1994 1314 2043 venti
1337 1993 1474 2042 velut
1492 1991 1685 2057 agmine
1702 1990 1863 2048 facto,
1886 1999 1978 2037 ete.
2077 1985 2100 2033 l
2126 1987 2205 2034 AE.

514 2068 521 2073 ’
646 2080 755 2130 Tali
777 2082 984 2150 remigio
1003 2082 1140 2132 navia
1156 2099 1214 2133 se
1231 2082 1366 2132 tarda
1379 2080 1646 2142 ‘movebat;

572 2171 698 2219 Vela
718 2171 834 2222 facit
855 2182 1019 2242 tamen
1035 2204 1050 2232 ,
1072 2171 1100 2242 Η
1123 2182 1172 2221 et
1197 2171 1321 2222 velis
1334 2171 1466 2220 subit
1486 2171 1607 2221 ostia
1629 2168 1805 2235 plenis.
1876 2165 1911 2215 5
1950 2166 2028 2213 Ε.

644 2261 888 2309 Paulatim
905 2261 1119 2310 exsolvit
1135 2276 1187 2308 ae
1208 2275 1421 2331 corpore
1435 2293 1450 2317 .
1470 2259 1699 2324 lentaque
1720 2257 1851 2306 eolla

575 2347 638 2395 Et
659 2355 860 2411 captum
879 2347 1015 2408 letho
1030 2347 1199 2411 posuit
1221 2355 1370 2410 caput
1384 2377 1401 2404 ‚
1425 2345 1453 2415 ΙΙ
1478 2362 1611 2395 arma
1632 2345 1933 2411 relinquens.
2035 2343 2093 2390 ll
2126 2346 2205 2392 Ε.

621 2451 695 2507 In
710 2448 907 2529 primo
932 2447 1242 2525 allatorum
1268 2447 1675 2530 exemplorum
1693 2448 1850 2511 vides
1872 2449 2132 2530 aurigam
2156 2445 2317 2508 frus·-

540 2556 629 2605 tra
657 2545 979 2607 retinacula
1010 2555 1370 2634 prementem
1385 2590 1403 2622 ,
1437 2556 1496 2607 et
1526 2546 1751 2628 impetu
1782 2553 2071 2631 equorum
2103 2544 2319 2627 abrep-

542 2656 669 2707 tum
686 2669 704 2724 3
737 2644 897 2706 mirae
926 2644 1226 2727 elegantiae
1260 2644 1557 2727 suspensio
1588 2655 1672 2706 est
1710 2646 1771 2705 in
1814 2645 2069 2708 secundo
2106 2663 2316 2707 exem-

540 2743 672 2827 plo,
698 2744 802 2805 ubi
825 2730 1068 2810 conatus
1088 2738 1444 2811 extendendi
1471 2764 1706 2806 cursum
1733 2745 1949 2806 sistitur
1972 2764 2109 2804 cum
2123 2741 2320 2815 ‚verbis

539 2841 696 2902 velle
729 2843 1010 2904 videmur
1018 2866 1042 2916 ‚·
1075 2842 1142 2903 in
1177 2842 1349 2905 tertio
1382 2852 1514 2924 post
1547 2843 1791 2922 impulit
1821 2844 1890 2901 in
1920 2842 2105 2923 (acus,
2136 2861 2319 2923 pausa

540 2937 791 3001 habetur
809 2942 1227 3026 expectationis
1249 2941 1453 3023 plena3
1480 2941 1546 3001 in
1563 2950 1773 3023 quarto
1794 2939 2084 3001 cernimus
2103 2959 2334 3000 navem·

540 3035 627 3095 ita
656 3037 816 3098 tarde
849 3051 1100 3115 motam,
1131 3050 1201 3099 ut
1230 3038 1420 3122 plenis
1451 3039 1554 3100 vix
1586 3028 1810 3121 impelli
1846 3032 2025 3118 possit
2048 3035 2218 3112 velis5
2250 3035 2320 3096 in

541 3134 755 3217 quinto
792 3156 985 3198 versus
1022 3137 1242 3198 labitur
1278 3159 1418 3199 cum
1457 3158 1630 3198 sensu
1665 3148 1725 3197 et
1761 3135 1976 3196 diffluit
2015 3133 2319 3196 catalexis.

541 3231 840 3313 Ultimum
874 3233 1041 3295 hunc
1070 3255 1303 3296 versum
1329 3234 1482 3296 belle
1508 3233 1765 3294 imitatus
1789 3243 1873 3294 est
1897 3233 2051 3293 Vida
2073 3239 2323 3297 narrans

540 3340 786 3392 mortem
821 3330 1128 3395 Salvatoris
1159 3356 1174 3393 ε
1215 3345 1645 3414 extremamque
1674 3325 1918 3405 adram,
1945 3354 2181 3412 ponens
2213 3353 2322 3391 ca-

531 3441 680 3508 put,
705 3441 733 3512 ῃ
756 3431 1070 3513 expimtqit.
